[
  {
    "data": {
      "text": ": Yorkville YRK\n416-944-0500\n87 Avenue Road\n: 87 Avenue Road\n: Yorkville\n: YRK\n: Yorkville YRK\n416-944-0500\n87 Avenue Road\n: WHOLE\nFOODS\nR\nMARKET\nVISA: $5.06\nAmount: CAD$5.06\nDiscount 20.0%\nEmployee: -$1.27\nTran. #:: 18760\nTAX: 894696764\nGROSS: 5.06\nTAX: 0.00\nBalance to pay: $5.06\nBalance to pay: $5.06\n: Yorkville YRK\n416-944-0500\n87 Avenue Road\n: WHOLE\nFOODS\nR\nMARKET\n: 416-944-0500\nEmployee Discount: 20.0%\nTAX IND: N\nRATE: 0.0%\nNo. items: 1\nType:: Purchase\nAcct:: Visa\nCard #:: xxxxxxxxxxxx6104\n\nITEM: GRANOLA CHUNKY FLAXSE | PRICE: $6.33 | EXPENSE_ROW: GRANOLA CHUNKY FLAXSE $6.33 N"
    }
  },
  {
    "data": {
      "text": ": FARM BOY ST CLAIR\n-\n81 St Clair Ave East\nToronto, Ontario\n: 81 St Clair Ave East\n: ST CLAIR\n: Toronto,\n: Ontario\n: FARM BOY\n: FARM BOY ST CLAIR\n-\n81 St Clair Ave East\nToronto, Ontario\n: FARM BOY\nVisa: $28.31\nTemporary markdown: $7.30\nSAVING GRAND TOTAL: $7.30\n: 4/3/2025\nInv#:: 00268292\nH.S.T.#: 84179 7046 RT0001\nNet Sales: $28.31\nTOTAL SALES: $28.31\nSUB TOTAL: $28.31\n: FARM BOY ST CLAIR\n-\n81 St Clair Ave East\nToronto, Ontario\n: FARM BOY\n: FARM BOY\nTel:: (416) - 963 8949\nYour Store Manager is:: Philip Jones Jr.\nTrs#: :: 270078\nBalance: $0.00\nNew customer balance: $0.00\nItem count: 11\n\nITEM: MELON Honeydew Reg | PRICE: $3.99 | QUANTITY: 1 | UNIT_PRICE: (2/$3.00) | EXPENSE_ROW: MELON Honeydew Reg $3.99\nMarkdown: $1.00\n1 @ 2/ $3.00 (2/$3.00)\nITEM: CUCUMBER Eng Reg | PRICE: $1.50 | EXPENSE_ROW: CUCUMBER Eng Reg $1.50\nITEM: SPINACH Bunch | PRICE: $2.99 | EXPENSE_ROW: SPINACH Bunch $2.99\nITEM: Pita Wheat 8\" | PRICE: $1.99 | EXPENSE_ROW: Pita Wheat 8\" $1.99\nITEM: DEPT Produce 2.5 | PRICE: $3.00 | QUANTITY: 1 | UNIT_PRICE: $5.00 | EXPENSE_ROW: DEPT Produce 2.5 $3.00\n1 @ 2/ $5.00\nITEM: Mush Brown Whol 227 | PRICE: $2.50 | QUANTITY: 0.590 kg | UNIT_PRICE: $4.39/kg | EXPENSE_ROW: Mush Brown Whol 227 $2.50\nMarkdown: $0.49\n0.590 kg @ $4.39/kg\nITEM: ORANGE Blood | PRICE: $2.59 | QUANTITY: 0.375 kg | UNIT_PRICE: $6.59/kg | EXPENSE_ROW: ORANGE Blood $2.59\nMarkdown: $1.30\n0.375 kg @ $6.59/kg\nITEM: Apple Royal Gala | PRICE: $2.47 | EXPENSE_ROW: Apple Royal Gala $2.47\nITEM: TOMATO Cocktail | PRICE: $2.44 | QUANTITY: 0.730 kg | UNIT_PRICE: $3.90/kg | EXPENSE_ROW: TOMATO Cocktail $2.44\nMarkdown: $1.55\n0.730 kg @ $3.90/kg\nITEM: CHEEKY PEAR | PRICE: $2.85 | EXPENSE_ROW: CHEEKY PEAR $2.85\nMarkdown: $1.96\nITEM: Cucumber Mini PKG | PRICE: $1.99 | EXPENSE_ROW: Cucumber Mini PKG $1.99\nMarkdown: $1.00"
    }
  },
  {
    "data": {
      "text": ": Nespresso Boutique Cumberland\n159 Cumberland Street\nToronto, ON M5R 1A2\n: 159 Cumberland Street\n: Toronto,\n: ON\n: M5R 1A2\n: Nespresso Boutique Cumberland\n: 159 Cumberland Street\nToronto, ON M5R 1A2\n: NESPRESSO\n: 13/04/2025\nOrder ID | Commande ID. :: B212C7C554D\nGST/HST#: 119360063 RT0006\nGST/HST#: 119360063 RT0006\nSubtotal | Sous-Total :: 46.50 $ CAD\nHST (13%): 0.00 $ CAD\nTotal :: 46.50 $ CAD\n: Nespresso Boutique Cumberland\n159 Cumberland Street\nToronto, ON M5R 1A2\n: Nespresso Boutique Cumberland\n: NESPRESSO\n: 1-855-325-5781:\n: www.nespresso.com\nMember Nb. | No. Membre :: 13623431\nQST#: 1017559351 TQ0005\n\nITEM: Mexico | PRICE: 46.50 $ CAD | QUANTITY: 30 | UNIT_PRICE: 1.55 | EXPENSE_ROW: Mexico 30 X 1.55 46.50 $ CAD"
    }
  },
  {
    "data": {
      "text": ": FARM BOY ST CLAIR\n-\n81 St Clair Ave East\nToronto, Ontario\n: 81 St Clair Ave East\n: Toronto,\n: Ontario\n: FARM BOY\n: 81 St Clair Ave East\nToronto, Ontario\n: FARM BOY\nVisa: $43.00\nManual item discount: $1.11\nTemporary markdown: $3.66\nSAVING GRAND TOTAL: $4.77\n: 3/23/2025\nInv#:: 00260000\nNet Sales: $43.00\nTOTAL SALES: $43.00\nSUB TOTAL: $43.00\n: FARM BOY ST CLAIR\n-\n81 St Clair Ave East\nToronto, Ontario\n: FARM BOY\n: FARM BOY\nTel:: (416) - 963 8949\nYour Store Manager is:: Philip Jones Jr.\nTrs#:: 261736\n[Tare:: 0.010 kgl 0.720 kg @ $6.59/kg\nMarkdown:: $1.60\nMarkdown:: $1.06\nMarkdown:: $1.00\nItem discount:: $1.11\nBalance: $0.00\nNew customer balance: $0.00\nItem count: 13\n\nITEM: GRAPE GreenSeedless | PRICE: $4.74 | UNIT_PRICE: $1.60 | EXPENSE_ROW: GRAPE GreenSeedless $4.74\nMarkdown: $1.60\nITEM: Romaine Hearts | PRICE: $4.99 | EXPENSE_ROW: Romaine Hearts $4.99\nITEM: Eggplant Blkbell PK | PRICE: $3.91 | QUANTITY: 0.185 kg | UNIT_PRICE: $8.80/kg | EXPENSE_ROW: Eggplant Blkbell PK $3.91\n0.185 kg @ $8.80/kg\nITEM: PEPPER Orange Bell | PRICE: $1.63 | QUANTITY: 0.395 kg | UNIT_PRICE: $3.90/kg | EXPENSE_ROW: PEPPER Orange Bell $1.63\n0.395 kg @ $3.90/kg\nITEM: TOMATO Vine Ripe | PRICE: $1.54 | QUANTITY: 0.275 kg | UNIT_PRICE: $11.00/kg | EXPENSE_ROW: TOMATO Vine Ripe $1.54\nMarkdown: $1.06\n0.275 kg @ $11.00/kg\nITEM: PLUM Black Reg | PRICE: $3.02 | EXPENSE_ROW: $3.02\nPLUM Black Reg\nITEM: CORIANDER/CILANTRO\nMarkdown: $1.00 | PRICE: $0.99 | EXPENSE_ROW: $0.99\nCORIANDER/CILANTRO\nMarkdown: $1.00\nITEM: Canadian Swiss Slc | PRICE: $5.87 | EXPENSE_ROW: Canadian Swiss Slc $5.87\nITEM: PORK SCHNITZEL | PRICE: $4.92 | EXPENSE_ROW: PORK SCHNITZEL $4.92\nITEM: PORK SCHNITZEL | PRICE: $4.42 | EXPENSE_ROW: PORK SCHNITZEL $4.42\nItem discount: $1.11\nITEM: Pita Wheat 8\" | PRICE: $1.99 | EXPENSE_ROW: Pita Wheat 8\" $1.99\nITEM: Pita Wheat 10\" | PRICE: $2.49 | EXPENSE_ROW: Pita Wheat 10\" $2.49\nITEM: Pita Wheat10\" | PRICE: $2.49 | EXPENSE_ROW: $2.49\nPita Wheat10\""
    }
  },
  {
    "data": {
      "text": ": 416-944-0500\nRoad\n87 Avenue\n: Road\n87 Avenue\n: Road\n87 Avenue\n: WHOLE\nFOODS\nMARKET\nVISA: $15.31\nDiscount\nEmployee: \n: 04/07/2025\nTran. #:: 28271\nTAX: 894696764\nBalance to pay: $15.31\nAmount: CAD$15.31\nBalance to pay: $15.31\n: 416-944-0500\nRoad\n87 Avenue\n: WHOLE\nFOODS\nMARKET\n: 416-944-0500\n: http: //www.wfn.com/CANfeedback\nNo. items: 3\nType:: Purchase\nAcct:: Visa\nCard #:: XXXXXXXXXXXX6104\nReference #:: 0011891290 H\nAuth. #:: 01236N\nIMPORTANT: Retain this copy for\nrecords\nyour\n\nITEM: Bread\nSourdough | PRICE: $5.49 | EXPENSE_ROW: $5.49 N\nBread\nSourdough\nHALVES PIECES OG $5.72 N\nITEM: Sourdough\nPIECES OG\nHALVES\nWALNUT\n$30.90/kg | PRICE: $5.72 | QUANTITY: 0.185 kg | UNIT_PRICE: $30.90/kg | EXPENSE_ROW: Bread\nSourdough\nHALVES PIECES OG $5.72 N\nWALNUT\n$30.90/kg\n0.185 kg @ 0.005 kg )\nTARE = (\nITEM: SALT OG\nDRY RST SEA\nCASHEWS\n$37.90/kg | PRICE: $7.01 | QUANTITY: 0.185 kg | UNIT_PRICE: $37.90/kg | EXPENSE_ROW: CASHEWS DRY RST SEA SALT OG $7.01 H\n$37.90/kg\n0.185 kg @ TARE = ( 0.005 kg ) $3.64"
    }
  },
  {
    "data": {
      "text": ": DOLLARAMA\n1560 Yonge Street Suite 242A\nToronto ON M4T 2S9\n: 1560 Yonge Street Suite 242A\n: Toronto\n: ON\n: M4T 2S9\n: 1560 Yonge Street Suite 242A\nToronto ON M4T 2S9\n: DOLLARAMA\nVISA: $25.99\nAMOUNT:: $ 25.99\n: 2025-04-05\nINVOICE NUMBER:: 917\nHST: 863624433\nSUBTOTAL: $23.00\nHST 13%: $2.99\nTOTAL: $25.99\n: DOLLARAMA\n1560 Yonge Street Suite 242A\nToronto ON M4T 2S9\n: DOLLARAMA\n: www.dollarama.com\nTYPE:: PURCHASE\nACCT:: VISA\nCARD NUMBER:: 7246\nREFERENCE #:: 66571557 0010016110 H\nAUTHOR. #:: 00148N\nVisa CREDIT: A0000000031010\nQuestions/Comments:: client@dollarama.com\n\nPRODUCT_CODE: 667888095452 | ITEM: LUNC. NAPKIN | PRICE: 1.75 H | EXPENSE_ROW: LUNC. NAPKIN 667888095452 1.75 H\nPRODUCT_CODE: 667888095476 | ITEM: LUNC. NAPKIN | PRICE: 1.75 H | EXPENSE_ROW: LUNC. NAPKIN 667888095476 1.75 H\nPRODUCT_CODE: 667888393312 | ITEM: BALLOONS | PRICE: 1.50 H | EXPENSE_ROW: BALLOONS 667888393312 1.50 H\nPRODUCT_CODE: 667888393312 | ITEM: BALLOONS | PRICE: 1.50 H | EXPENSE_ROW: BALLOONS 667888393312 1.50 H\nPRODUCT_CODE: 667888393305 | ITEM: BALLOONS | PRICE: 1.50 H | EXPENSE_ROW: BALLOONS 667888393305 1.50 H\nPRODUCT_CODE: 667888459872 | ITEM: SCISSORS | PRICE: 2.50 H | EXPENSE_ROW: SCISSORS 667888459872 2.50 H\nPRODUCT_CODE: 667888188567 | ITEM: FOOD CONTAINER | PRICE: 3.00 H | EXPENSE_ROW: FOOD CONTAINER 667888188567 3.00 H\nPRODUCT_CODE: 071641151017 | ITEM: MARKER | PRICE: 2.75 H | EXPENSE_ROW: MARKER 071641151017 2.75 H\nPRODUCT_CODE: 667888275250 | ITEM: BRISTOL BOARD | PRICE: 1.00 H | EXPENSE_ROW: BRISTOL BOARD 667888275250 1.00 H\nPRODUCT_CODE: 667888336081 | ITEM: BATH MAT | PRICE: 4.75 H | EXPENSE_ROW: BATH MAT 667888336081 4.75 H\nPRODUCT_CODE: 667888275205 | ITEM: BRISTOL BOARD | PRICE: 1.00 H | EXPENSE_ROW: BRISTOL BOARD 667888275205 1.00 H"
    }
  },
  {
    "data": {
      "text": ": Yorkville YRK\n416-944-0500\n87 Avenue Road\n: 87 Avenue Road\n: Yorkville\n: Yorkville YRK\n416-944-0500\n87 Avenue Road\n: WHOLE\nFOODS\nR\nMARKET\nVISA: $8.50\nEmployee Discount 20.0%: -$2.13\nTran. #:: 13744\nTAX: 894696764\nTAX: 0.00\nBalance to pay: $8.50\nBalance to pay: $8.50\n: Yorkville YRK\n416-944-0500\n87 Avenue Road\n: WHOLE\nFOODS\nR\nMARKET\n: 416-944-0500\nEmployee Discount: 20.0%\nTAX IND: N\nRATE: 0.0%\nGROSS: 8.50\nNo. items: 7\n\nITEM: CRACKERS MULTIGRAIN | PRICE: $2.49 | EXPENSE_ROW: CRACKERS MULTIGRAIN $2.49 N\nITEM: LIME REG CV | PRICE: $2.25 | QUANTITY: 3 | UNIT_PRICE: $0.75 | EXPENSE_ROW: LIME REG CV $2.25 N\n3 @ $0.75\nITEM: AVOCADO HASS MED CV | PRICE: $3.78 | QUANTITY: 2 @ | UNIT_PRICE: $1.89 | EXPENSE_ROW: AVOCADO HASS MED CV $3.78 N\n2 @ $1.89\nITEM: BANANA CV | PRICE: $2.11 | QUANTITY: 0.970 kg | UNIT_PRICE: $2.18/kg | EXPENSE_ROW: BANANA CV\n0.970 kg @ $2.18/kg $2.11 N"
    }
  },
  {
    "data": {
      "text": ": Leaside LEA\n416-484-0090\n1860 Bayview Ave\n: 1860 Bayview Ave\n: Leaside LEA\n: 1860 Bayview Ave\n: WHOLE\nFOODS\nR\nMARKET\nM/C: $12.41\nAmount: CAD$12.41\nEmployee Discount 20.0%: -$3.10\n: 04/14/2025\nTran, #:: 12533\nTAX: 864826995\nTAX: 0.00\nGROSS: 12.41\nBalance to\npay: $12.41\nBalance to\npay: $12.41\n: Leaside LEA\n416-484-0090\n1860 Bayview Ave\n: Leaside LEA\n: WHOLE\nFOODS\nR\nMARKET\n: 416-484-0090\nTAX IND: N\nRATE: 0.0%\nNo. items: 7\nType:: Purchase\nAcct:: MasterCard\nCard # :: xxxxxxxxxxxx2340\nReference\n# :: 0012240530 H\nAuth #:: 05015Z\n\nITEM: POTATO YELLOW BAG 3LB | PRICE: $5.99 | EXPENSE_ROW: POTATO YELLOW BAG 3LB\n$5.99 N\nITEM: BEANS GARBANZO OG | PRICE: $2.69 | EXPENSE_ROW: BEANS GARBANZO OG\n$2.69 N\nITEM: BEANS PINTO OG | PRICE: $2.69 | EXPENSE_ROW: BEANS PINTO OG\n$2.69 N\nITEM: LIME REG CV | PRICE: $2.25 | QUANTITY: 3 | UNIT_PRICE: $0.75 | EXPENSE_ROW: LIME REG CV\n$2.25 N\n3 @ $0.75\nITEM: AVOCADO HASS MED CV | PRICE: $1.89 | EXPENSE_ROW: AVOCADO HASS MED CV\n$1.89 N"
    }
  },
  {
    "data": {
      "text": ": Leaside LEA\n416-484-0090\n1860 Bayview Ave\n: 1860 Bayview Ave\n: Leaside LEA\n: 1860 Bayview Ave\n: WHOLE\nFOODS\nR\nMARKET\nM/C: $17.64\nAmount: CAD$17.64\nEmployee Discount 20.0%: $4.41\nTran. #:: 24679\nTAX: 864826995\nTAX: 0.00\nBalance to pay: $17.64\nBalance to pay: $17.64\n: Leaside LEA\n416-484-0090\n1860 Bayview Ave\n: Leaside LEA\n: WHOLE\nFOODS\nR\nMARKET\n: 416-484-0090\nEmployee Discount: 20.0%\nTAX IND: N\nRATE: 0.0%\nGROSS: 17.64\nNo. items: 5\nType:: Purchase\nAcct:: MasterCard\nCard #:: Amount CAD$17.64\n\nITEM: EGGS OMEGA 3 FREE RUN | PRICE: $6.99 | EXPENSE_ROW: EGGS OMEGA 3 FREE RUN $6.99 N\nITEM: PASTA PENNE SEMOLINA | PRICE: $3.49 | EXPENSE_ROW: PASTA PENNE SEMOLINA $3.49 N\nITEM: PASTA PENNE SEMOLINA | PRICE: $3.49 | EXPENSE_ROW: PASTA PENNE SEMOLINA $3.49 N\nITEM: COTTAGE CHEESE 2PCT | PRICE: $4.39 | EXPENSE_ROW: COTTAGE CHEESE 2PCT $4.39 N\nITEM: SOUR CREAM 14PCT | PRICE: $3.69 | EXPENSE_ROW: SOUR CREAM 14PCT $3.69 N"
    }
  },
  {
    "data": {
      "text": ": Leaside LEA\n416-484-0090\n1860 Bayview Ave\n: 1860 Bayview Ave\n: 1860 Bayview Ave\n: WHOLE\nFOODS\nR\nMARKET\nEmployee Discount 20.0%: $6.38\nManu Value Coupon: $12.99\nTran. #:: 29443\nTAX: 864826995\nBalance to pay: $26.39\nVISA: $13.40\nBalance to pay: $26.39\n: Leaside LEA\n416-484-0090\n1860 Bayview Ave\n: WHOLE\nFOODS\nR\nMARKET\n: 416-484-0090\nEmployee Discount: 20.0%\nNo. items: 5\nType:: Purchase\nAcct:: Visa\n\nITEM: YOGURT GREEK PLAIN OP | PRICE: $7.29 | EXPENSE_ROW: YOGURT GREEK PLAIN OP $7.29 N\nITEM: CLEANER ALL PURPOSE F | PRICE: $4.39 | EXPENSE_ROW: CLEANER ALL PURPOSE F $4.39 H\nITEM: CHIPS TORTILLA CORN T | PRICE: $3.76 | EXPENSE_ROW: CHIPS TORTILLA CORN T $3.76 H\nITEM: HUMMUS JALAPENO CORIA | PRICE: $3.49 | EXPENSE_ROW: HUMMUS JALAPENO CORIA $3.49 N\nITEM: SMOOTHIE OAT IMMUNO 1 | PRICE: $12.99 | EXPENSE_ROW: SMOOTHIE OAT IMMUNO 1 $12.99 N"
    }
  },
  {
    "data": {
      "text": ": Leaside LEA\n416-484-0090\n1860 Bayview Ave\n: 1860 Bayview Ave\n: 1860 Bayview Ave\n: WHOLE\nFOODS\nR\nMARKET\nVISA\n453780******3391: $4.\nEmployee Discount 20.0%: -$0.94\nDATE: 17-03-25\nTRANS: 49092\nTAX: 864826995\nTAX: 0.49\nBalance to pay: $4.24\nBalance to pay: $4.24\n: Leaside LEA\n416-484-0090\n1860 Bayview Ave\n: WHOLE\nFOODS\nR\nMARKET\n: 416-484-0090\n: http: //www.wfm.com/CANfeedback\nTAX IND: H\nRATE: 13.0%\nGROSS: 3.75\nNo. items: 1\nSTORE: 10500\nTILL: 257\nOP NO.: 12416325\nTIME: 15: 25\n\nITEM: TORTILLAS WHITE OG | PRICE: $4.69 | EXPENSE_ROW: TORTILLAS WHITE OG $4.69 H"
    }
  },
  {
    "data": {
      "text": ": REAL CANADIAN\nSUPERSTORE\nCAD$: 100.00\nSUBTOTAL: 96.40\nG=GST 5% 36.98 @ 5.000%: 1.85\nP=PST 7% 24.99 @ 7.000%: 1.75\nTOTAL: 100.00\n: RCSS 1561 WILLOWBROOK DRIVE\n: REAL CANADIAN\nSUPERSTORE\n: 604-532-5427\nTrans. Type:: PURCHASE\n\nPRODUCT_CODE: 06038367175 | ITEM: TAGLIATELLE NEST MRJ | PRICE: 5.29 | EXPENSE_ROW: 06038367175 TAGLIATELLE NEST MRJ\n5.29\nPRODUCT_CODE: 06563318588 | ITEM: FIBER 1 OATS CHO GMRJ | PRICE: 11.99 | EXPENSE_ROW: 06563318588 FIBER 1 OATS CHO GMRJ\n11.99\n06810004413 KFT SIG RASP VIN\nPRODUCT_CODE: 06810004413 | ITEM: KFT SIG RASP VIN MRJ | PRICE: 3.79 | EXPENSE_ROW: 06810004413 KFT SIG RASP VIN MRJ\n3.79\nPRODUCT_CODE: 06870010365 | ITEM: DAIR WHIP CREAM RQ | PRICE: 6.19 | EXPENSE_ROW: 06870010365 DAIR WHIP CREAM RQ\n6.19\n27-PRODUCE\nPRODUCT_CODE: 06038399155 | ITEM: PCO FLD GRNS SLD MRJ | PRICE: 5.99 | EXPENSE_ROW: 06038399155 PCO FLD GRNS SLD MRJ\n5.99\n31-MEATS\nPRODUCT_CODE: 2852620 | ITEM: PC FREE CHK DRUM MRJ | PRICE: 11.68 | EXPENSE_ROW: 2852620 PC FREE CHK DRUM MRJ\n11.68\n35-DELI\nPRODUCT_CODE: 05944100641 | ITEM: T STL BOCCONCINI MRJ | PRICE: 8.49 | EXPENSE_ROW: 05944100641 T STL BOCCONCINI MRJ\n8.49\n06038318463 PC SPLENDIDO PAR MRJ\nPRODUCT_CODE: 07981300011 | ITEM: BOURSIN GARLIC MRJ | PRICE: 11.00 | EXPENSE_ROW: 11.00\n07981300011 BOURSIN GARLIC MRJ\n6.99\nPRODUCT_CODE: 03700062819 | ITEM: PMPR DIPR NNJ S7\nGPMRJ\n1mt 4, $29.99 ea | PRICE: 24.99 | QUANTITY: 1 | UNIT_PRICE: $24.99 ea | EXPENSE_ROW: 03700062819 PMPR DIPR NNJ S7\nGPMRJ\n$24.99 1mt 4, $29.99 ea\n1 @ $24.99 ea 24.99"
    }
  },
  {
    "data": {
      "text": ": DOLLARAMA\n1560 Yonge Street Suite 242A\nToronto ON M4T 2S9\n: 1560 Yonge Street Suite 242A\n: Toronto\n: ON\n: M4T 2S9\n: 1560 Yonge Street Suite 242A\nToronto ON M4T 2S9\n: DOLLARAMA\nVISA: $25.99\nAMOUNT:: $ 25.99\n: 2025-04-05\nINVOICE NUMBER:: 917\nHST: 863624433\nSUBTOTAL: $23.00\nHST 13%: $2.99\nTOTAL: $25.99\n: DOLLARAMA\n1560 Yonge Street Suite 242A\nToronto ON M4T 2S9\n: DOLLARAMA\n: www.dollarama.com\nTYPE:: PURCHASE\nACCT:: VISA\nCARD NUMBER:: 7246\nDATE/TIME:: 25/04/05\nREFERENCE #:: 66571557 0010016110 H\nAUTHOR. #:: 00148N\nVisa CREDIT: A0000000031010\nQuestions/Comments:: client@dollarama.com\n\nPRODUCT_CODE: 667888095452 | ITEM: LUNC. NAPKIN | PRICE: 1.75 H | EXPENSE_ROW: LUNC. NAPKIN 667888095452 1.75 H\nPRODUCT_CODE: 667888095476 | ITEM: LUNC. NAPKIN | PRICE: 1.75 H | EXPENSE_ROW: LUNC. NAPKIN 667888095476 1.75 H\nPRODUCT_CODE: 667888393312 | ITEM: BALLOONS | PRICE: 1.50 H | EXPENSE_ROW: BALLOONS 667888393312 1.50 H\nPRODUCT_CODE: 667888393312 | ITEM: BALLOONS | PRICE: 1.50 H | EXPENSE_ROW: BALLOONS 667888393312 1.50 H\nPRODUCT_CODE: 667888393305 | ITEM: BALLOONS | PRICE: 1.50 H | EXPENSE_ROW: BALLOONS 667888393305 1.50 H\nPRODUCT_CODE: 667888459872 | ITEM: SCISSORS | PRICE: 2.50 H | EXPENSE_ROW: SCISSORS 667888459872 2.50 H\nPRODUCT_CODE: 667888188567 | ITEM: FOOD CONTAINER | PRICE: 3.00 H | EXPENSE_ROW: FOOD CONTAINER 667888188567 3.00 H\nPRODUCT_CODE: 071641151017 | ITEM: MARKER | PRICE: 2.75 H | EXPENSE_ROW: MARKER 071641151017 2.75 H\nPRODUCT_CODE: 667888275250 | ITEM: BRISTOL BOARD | PRICE: 1.00 H | EXPENSE_ROW: BRISTOL BOARD 667888275250 1.00 H\nPRODUCT_CODE: 667888336081 | ITEM: BATH MAT | PRICE: 4.75 H | EXPENSE_ROW: BATH MAT 667888336081 4.75 H\nPRODUCT_CODE: 667888275205 | ITEM: BRISTOL BOARD | PRICE: 1.00 H | EXPENSE_ROW: BRISTOL BOARD 667888275205 1.00 H"
    }
  },
  {
    "data": {
      "text": ": Leaside LEA\n416-484-0090\n1860 Bayview Ave\n: 1860 Bayview Ave\n: 1860 Bayview Ave\n: WHOLE\nFOODS\nR\nMARKET\nM/C\n519123******5490: $55.\nDATE: 16-03-25\nTRANS.: 48873\nTAX: 864826995\nBalance to pay: $55.43\nBalance to pay: $55.43\n: Leaside LEA\n416-484-0090\n1860 Bayview Ave\n: WHOLE\nFOODS\nR\nMARKET\n: 416-484-0090\n: http: //www.wfm.com/CANfeedback\nG 5.0%: 4.19 0.21\nH 13.0%: 44.86 5.83\nPF 8.0%: 4.19 0.34\nNo. items: 5\nSTORE: 10500\nTILL: 257\nOP NO.: 12499239\nTIME: 18: 29\n\nITEM: JUICE SHOTS FARMA C P | PRICE: $10.49 | EXPENSE_ROW: JUICE SHOTS FARMA C P $10.49 H\nITEM: JUICE FARMA C OG | PRICE: $4.19 | EXPENSE_ROW: JUICE FARMA C OG\n$4.19 GPF\nITEM: CREAM CLEAN CLARIFYIN | PRICE: $16.47 | EXPENSE_ROW: CREAM CLEAN CLARIFYIN\n$16.47 H\nITEM: CARD THANK YOU | PRICE: $8.95 | EXPENSE_ROW: CARD THANK YOU\n$8.95 H"
    }
  },
  {
    "data": {
      "text": ": Leaside LEA\n416-484-0090\n1860 Bayview Ave\n: 1860 Bayview Ave\n: Leaside LEA\n: 1860 Bayview Ave\n: adidas\nWHOLE\nFOODS\nR\nMARKET\nM/C: $17.64\nEmployee Discount 20.0%: $4.41\nTran. #:: 24679\nTAX: 864826995\nTAX: 0.00\nBalance to pay: $17.64\nAmount: CAD$17.64\nBalance to pay: $17.64\n: Leaside LEA\n416-484-0090\n1860 Bayview Ave\n: Leaside LEA\n: adidas\nWHOLE\nFOODS\nR\nMARKET\n: 416-484-0090\nEmployee Discount: 20.0%\nTAX IND: N\nRATE: 0.0%\nGROSS: 17.64\nNo. items: 5\nType:: Purchase\nAcct:: MasterCard\nCard #:: Amount CAD$17.64\n\nITEM: EGGS OMEGA 3 FREE RUN | PRICE: $6.99 | EXPENSE_ROW: EGGS OMEGA 3 FREE RUN $6.99 N\nITEM: PASTA PENNE SEMOLINA | PRICE: $3.49 | EXPENSE_ROW: PASTA PENNE SEMOLINA $3.49 N\nITEM: PASTA PENNE SEMOLINA | PRICE: $3.49 | EXPENSE_ROW: PASTA PENNE SEMOLINA $3.49 N\nITEM: COTTAGE CHEESE 2PCT | PRICE: $4.39 | EXPENSE_ROW: COTTAGE CHEESE 2PCT $4.39 N\nITEM: SOUR CREAM 14PCT | PRICE: $3.69 | EXPENSE_ROW: SOUR CREAM 14PCT $3.69 N"
    }
  },
  {
    "data": {
      "text": ": Leaside LEA\n416-484-0090\n1860 Bayview Ave\n: 1860 Bayview Ave\n: Leaside LEA\n: 1860 Bayview Ave\n: WHOLE\nFOODS\nC\nMARKET\nM C: $17.67\nEmployee Discount 20.0%: $4.42\nTran. #:: 4657\nTAX: 864826995\nGROSS: 17.67\nTAX: 0.00\nBalance to pay: $17.67\nAmount: CAD$17.67\nBalance to pay: $17.67\n: Leaside LEA\n416-484-0090\n1860 Bayview Ave\n: Leaside LEA\n: WHOLE\nFOODS\nC\nMARKET\n: 416-484-0090\nEmployee Discount: 20.0%\nTAX IND: N\nRATE: 0.0%\nNo. items: 5\nType:: Purchase\nAcct:: MasterCard\nCard #:: XXXXXXXXXXXX2340\nReference #:: 0012221340 H\nAuth #:: 01244Z\n\nITEM: BREAD SPROUTED THE BI | PRICE: $4.19 | EXPENSE_ROW: $4.19 N\nBREAD SPROUTED THE BI\nITEM: PEANUT BUTTER CREAMY | PRICE: $4.99 | EXPENSE_ROW: $4.99 N\nPEANUT BUTTER CREAMY\nITEM: APPLE HONEYCRISP CV | PRICE: $3.00 | QUANTITY: 0.455 kg | UNIT_PRICE: $6.59/kg | EXPENSE_ROW: APPLE HONEYCRISP CV\n$3.00 N\n0.455 kg @ $6.59/kg\nITEM: ORANGE NAVEL SUPER SWEET 06 | PRICE: $3.57 | QUANTITY: 0.650 kg | UNIT_PRICE: $5.49/kg | EXPENSE_ROW: ORANGE NAVEL SUPER SWEET 06\n$3.57 N\n0.650 kg @ $5.49/kg\nITEM: ORANGE NAVEL SUPER SWEET OG | PRICE: $6.34 | QUANTITY: 1.155 kg | UNIT_PRICE: $5.49/kg | EXPENSE_ROW: ORANGE NAVEL SUPER SWEET OG\n$6.34 N\n1.155 kg @ $5.49/kg"
    }
  },
  {
    "data": {
      "text": ": FARM BOY ST CLAIR\n-\n81 St Clair Ave East\nToronto, Ontario\n: 81 St Clair Ave East\n: ST CLAIR\n: Toronto,\n: Ontario\n: FARM BOY\n: FARM BOY ST CLAIR\n-\n81 St Clair Ave East\nToronto, Ontario\n: FARM BOY\nVisa: $5.16\nDate :: 04-12-2025\n: 4/12/2025\n: Apr 12 2025\nInv#:: 00133436\nH.S.T.#: 84179 7046 RT0001\nNet Sales: $5.16\nTOTAL SALES: $5.16\nSUB TOTAL: $5.16\nAmount :: $5.16\n: FARM BOY ST CLAIR\n-\n81 St Clair Ave East\nToronto, Ontario\n: FARM BOY\n: FARM BOY\nTel:: (416) - 963 8949\n-\n: 1-833-788-3401\n: www.farmboy.ca\nYour Store Manager is:: Philip Jones Jr.\nTrs#:: 135932\nBalance: $0.00\nNew customer balance: $0.00\nItem count: 1\nTrans#: 135932\nTRANSACTION RECORD: Card : 6104 [2088]\nA0000000031010\nCard Type : VI (Visa)\nVisa CREDIT\nTrans Type : PURCHASE\nCard Entry : RF(M)\nAuth # : 07592N\nSequence # : 001931097\nTrace ID : 465102697727590\n04-12-2025\nCard :: 6104 [2088]\nCard Type :: VI (Visa)\nTrans Type :: PURCHASE\nCard Entry :: RF(M)\nAuth # :: 07592N\nSequence # :: 001931097\nTrace ID :: 465102697727590\nTime :: 15:22:53\nGF =: GLUTEN FREE Items\n-HST=: 13%\n*HST=: 13%\n\nITEM: EGGPLANT Regular | PRICE: $5.16 | QUANTITY: 1.175 kg | UNIT_PRICE: $4.39/kg | EXPENSE_ROW: 1.175 kg @ $4.39/kg\nEGGPLANT Regular $5.16"
    }
  },
  {
    "data": {
      "text": ": EATON CENTRE\n260 YONGE ST N115\nM5B 2H1 TORONTO ON\n: EATON CENTRE\n: 260 YONGE ST N115\n: TORONTO\n: EATON CENTRE\n260 YONGE ST N115\nM5B 2H1 TORONTO ON\n: WINNERS\nVISA: $18.08\n: 06/04/2025\n: 06-04-2025\nID:\nReceipt: 90515017945201843\nGST: NO.86032 6255 RT0001CA #07043\nGST: NO.86032 6255 RT0001CA #07043\nSubtotal: $16.00\nON HST 13.000%: $2.08\nTotal: $18.08\n: EATON CENTRE\n260 YONGE ST N115\nM5B 2H1 TORONTO ON\n: WINNERS\n: 416-408-2922\nHST: 13.000%\nAUTH#: 08826N\nAID: A0000000031010\nAPPLICATION LABEL: Visa CREDIT\nChange: $0.00\n=\nCount: 1\n\nITEM: CAREER SPORTSW 111384 | PRICE: $16.00 | QUANTITY: 10 | EXPENSE_ROW: 10 CAREER SPORTSW 111384 $16.00 H\n-"
    }
  },
  {
    "data": {
      "text": ": FARM BOY ST CLAIR\n-\n81 St Clair Ave East\nToronto, Ontario\n: 81 St Clair Ave East\n: ST CLAIR\n: Toronto,\n: Ontario\n: FARM BOY\n: FARM BOY ST CLAIR\n-\n81 St Clair Ave East\nToronto, Ontario\n: FARM BOY\nVisa: $28.31\nTemporary markdown: $7.30\nSAVING GRAND TOTAL: $7.30\n: 4/3/2025\nInv#:: 00268292\nH.S.T.#: 84179 7046 RT0001\nNet Sales: $28.31\nTOTAL SALES: $28.31\nSUB TOTAL: $28.31\n: FARM BOY ST CLAIR\n-\n81 St Clair Ave East\nToronto, Ontario\n: FARM BOY\n: FARM BOY\nTel:: (416) - 963 8949\nYour Store Manager is:: Philip Jones Jr.\nTrs#: 270078\nBalance: $0.00\nNew customer balance: $0.00\nItem count: 11\n\nITEM: MELON Honeydew Reg | PRICE: $3.99 | QUANTITY: 1 | UNIT_PRICE: (2/$3.00) | EXPENSE_ROW: MELON Honeydew Reg $3.99\nMarkdown: $1.00\n1 @ 2/ $3.00 (2/$3.00)\nITEM: CUCUMBER Eng Reg | PRICE: $1.50 | EXPENSE_ROW: CUCUMBER Eng Reg $1.50\nITEM: SPINACH Bunch | PRICE: $2.99 | EXPENSE_ROW: SPINACH Bunch $2.99\nITEM: Pita Wheat 8\" | PRICE: $1.99 | EXPENSE_ROW: Pita Wheat 8\" $1.99\nITEM: DEPT Produce 2.5 | PRICE: $3.00 | QUANTITY: 1 | UNIT_PRICE: $5.00 | EXPENSE_ROW: DEPT Produce 2.5 $3.00\n1 @ 2/ $5.00\nITEM: Mush Brown Whol 227 | PRICE: $2.50 | QUANTITY: 0.590 kg | UNIT_PRICE: $4.39/kg | EXPENSE_ROW: Mush Brown Whol 227 $2.50\nMarkdown: $0.49\n0.590 kg @ $4.39/kg\nITEM: ORANGE Blood | PRICE: $2.59 | QUANTITY: 0.375 kg | UNIT_PRICE: $6.59/kg | EXPENSE_ROW: ORANGE Blood $2.59\nMarkdown: $1.30\n0.375 kg @ $6.59/kg\nITEM: Apple Royal Gala | PRICE: $2.47 | EXPENSE_ROW: Apple Royal Gala $2.47\nITEM: TOMATO Cocktail | PRICE: $2.44 | QUANTITY: 0.730 kg | UNIT_PRICE: $3.90/kg | EXPENSE_ROW: TOMATO Cocktail $2.44\nMarkdown: $1.55\n0.730 kg @ $3.90/kg\nITEM: CHEEKY PEAR | PRICE: $2.85 | EXPENSE_ROW: CHEEKY PEAR $2.85\nMarkdown: $1.96\nITEM: Cucumber Mini PKG | PRICE: $1.99 | UNIT_PRICE: $1.00 | EXPENSE_ROW: Cucumber Mini PKG $1.99\nMarkdown: $1.00"
    }
  },
  {
    "data": {
      "text": ": Leaside LEA\n416-484-0090\n1860 Bayview Ave\n: 1860 Bayview Ave\n: 1860 Bayview Ave\n: WHOLE\nFOODS\n®\nDiscount 20.0%\nEmployee: $5.70\nDATE: 19-03-25\nTRANS.: 43684\nTAX: 864826995\nBalance to pay: $23.25\nBalance to pay: $23.25\n: Leaside LEA\n416-484-0090\n1860 Bayview Ave\n: WHOLE\nFOODS\n®\n: 416-484-0090\n: http: //www.wfm.com/CANfeedback\nEmployee Discount: 20.0%\nNo. items: 6\nSTORE: 10500\nTILL: 259\nOP NO: 12466624\nTIME: 17: 57\n\nITEM: CASHEWS DRY RST SEA SALT OG | PRICE: $4.36 | QUANTITY: 0.115 kg | UNIT_PRICE: $37.90/kg | EXPENSE_ROW: CASHEWS DRY RST SEA SALT OG\n$4.36 H\n0.115 kg @ $37.90/kg\nTARE = ( 0.010 kg )\nITEM: ALMONDS OG | PRICE: $7.86 | QUANTITY: 0.175 kg | UNIT_PRICE: $44.90/kg | EXPENSE_ROW: ALMONDS OG\n$7.86 N\n0.175 kg @ $44.90/kg\nITEM: PUMPKIN SEEDS OG | PRICE: $3.31 | QUANTITY: 0.185 kg | UNIT_PRICE: $17.91/kg | EXPENSE_ROW: PUMPKIN SEEDS OG\n$3.31 N\n0.185 kg @ $17.91/kg\nTARE = ( 0.010 kg )\nITEM: BRIE PETIT | PRICE: $7.99 | EXPENSE_ROW: $7.99 N\nBRIE PETIT\nITEM: CRACKERS SEA SALT | PRICE: $2.49 | EXPENSE_ROW: $2.49 N\nCRACKERS SEA SALT\nITEM: CRACKERS SEA SALT PEP | PRICE: $2.49 | EXPENSE_ROW: $2.49 N\nCRACKERS SEA SALT PEP"
    }
  },
  {
    "data": {
      "text": ": MAC EATON CENTRE- ON\nMAC EATON CENTRE- ON 220 YONGE ST - UNIT A012A\nTORONTO, ON M5B2H1\nCanada\n: MAC EATON CENTRE- ON 220 YONGE ST - UNIT A012A\n: TORONTO,\n: ON\n: M5B2H1\n: Canada\n: MAC EATON CENTRE- ON\n: MAC EATON CENTRE- ON 220 YONGE ST - UNIT A012A\nTORONTO, ON M5B2H1\nCanada\nConsumer:: Shabnam Mohamadi\nDate:: 12/24/24\nDate: 24/12/2024\nTrans:: 6035\nConsumer:: Shabnam Mohamadi\nSubtotal: $52.50\nHST: $6.82\nTotal Tax: $6.82\nTotal: $59.32\n: MAC EATON CENTRE- ON\nMAC EATON CENTRE- ON 220 YONGE ST - UNIT A012A\nTORONTO, ON M5B2H1\nCanada\n: MAC EATON CENTRE- ON\n: 416-595-9576\nStore:: 12144\nRegister:: 2\nTime:: 2: 39 p.m.\nCashier:: 1696689\nProgram Name:: MAC Lover Rewards\nTotal Available Points: 53.0\nPoints Earned Today:: 53.0\nEXCHANGE ONLY/ECHANGE SEU: -12.60\nSalesperson:: 1696689 (Rhiannon H)\nEXCHANGE ONLY/ECHANGE SEU: -9.90\nSalesperson:: 1696689 (Rhiannon H)\nTime: 14:41:54\nCard: 5490\n\nPRODUCT_CODE: ST2G01 | PRICE: 29.40 | ITEM: CONNECT IN COLOUR E-EMBEDDED IN BURGUNDY | QUANTITY: 1.0 | UNIT_PRICE: 42.00 | EXPENSE_ROW: CONNECT IN COLOUR E-EMBEDDED IN BURGUNDY\nST2G01 1.0 42.00 29.40\nEXCHANGE ONLY/ECHANGE SEU\n-12.60\nSalesperson: 1696689 (Rhiannon H)\nPRODUCT_CODE: NW9M39 | PRICE: 23.10 | ITEM: MACXIMAL SLEEK SATIN LIPSTICK-BRICK-O-LA | QUANTITY: 1.0 | UNIT_PRICE: 33.00 | EXPENSE_ROW: MACXIMAL SLEEK SATIN LIPSTICK-BRICK-O-LA\nNW9M39 1.0 33.00 23.10\nEXCHANGE ONLY/ECHANGE SEU -9.90\nSalesperson: 1696689 (Rhiannon H)"
    }
  },
  {
    "data": {
      "text": ": Iqbal Foods Thorncliffe\n100 Thorncliffe Park Dr.\nEast York Ontario M4H 1L9\n: 100 Thorncliffe Park Dr.\n: East York\n: Ontario\n: M4H 1L9\n: Iqbal Foods Thorncliffe\n: 100 Thorncliffe Park Dr.\nEast York Ontario M4H 1L9\nAccount #:: 490002004787\nCredit Card Tendered: $120.69\nDate:: 2025-03-23\nTransaction #:: 214956\nSub Total: $120.69\nTotal: $120.69\n: Iqbal Foods Thorncliffe\n100 Thorncliffe Park Dr.\nEast York Ontario M4H 1L9\n: Iqbal Foods Thorncliffe\nTelephone:: 416-467-0177\n: www.IqbalFoods.ca\nTime:: 12: 58 PM\nCashier:: 51\nRegister #:: 4\nCard:: 544690******2340\nAuth:: 05310Z\nChange Due: $0.00\n\nPRODUCT_CODE: 200016100 | ITEM: LAMB KEEMA PER LB | PRICE: $13.50 | QUANTITY: 1.69 | UNIT_PRICE: $7.99 | EXPENSE_ROW: 200016100 LAMB KEEMA PER LB $13.50\n1.69 @ $7.99\nPRODUCT_CODE: 200017900 | ITEM: VEAL KEEMA LEAN GROUND P\nER LB | PRICE: $43.36 | QUANTITY: 4.34 | UNIT_PRICE: $9.99 | EXPENSE_ROW: 200017900 VEAL KEEMA LEAN GROUND P $43.36\nER LB\n4.34 @ $9.99\nPRODUCT_CODE: 200013800 | ITEM: CHICKEN THIGH BONELESS P\nER LB | PRICE: $21.68 | QUANTITY: 3.62 | UNIT_PRICE: $5.99 | EXPENSE_ROW: 200013800 CHICKEN THIGH BONELESS P $21.68\nER LB\n3.62 @ $5.99\nPRODUCT_CODE: 200017400 | ITEM: VEAL B/L EYE OF ROUND P\nLB | PRICE: $30.07 | QUANTITY: 3.01 | UNIT_PRICE: $9.99 | EXPENSE_ROW: 200017400 VEAL B/L EYE OF ROUND P $30.07\nLB\n3.01 @ $9.99\nPRODUCT_CODE: 0493 | ITEM: ONION YELLOW 5LB PER BAG | PRICE: $3.99 | EXPENSE_ROW: 0493 ONION YELLOW 5LB PER BAG $3.99\nPRODUCT_CODE: 0621 | ITEM: POTATOES LOOSE YELLOW PE\nR LB | PRICE: $5.11 | QUANTITY: 2.57LB | UNIT_PRICE: $1.99/LB | EXPENSE_ROW: 0621 POTATOES LOOSE YELLOW PE $5.11\nR LB\n2.57LB @ $1.99/LB\nPRODUCT_CODE: 0512 | ITEM: PEPPER GREEN PER LB | PRICE: $2.98 | QUANTITY: 1.30LB | UNIT_PRICE: $2.29/LB | EXPENSE_ROW: 0512 PEPPER GREEN PER LB $2.98\n1.30LB @ $2.29/LB"
    }
  },
  {
    "data": {
      "text": ": Leaside LEA\n416-484-0090\n1860 Bayview Ave\n: 1860 Bayview Ave\n: Leaside LEA\n: 1860 Bayview Ave\n: WHOLE\nFOODS\nR\nMARKET\nM/C: $10.74\nEmployee Discount 20.0%: -$2.38\nTran. #:: 10720\nTAX: 864826995\nBalance to pay: $10.74\nAmount: CAD$10.74\nBalance to pay: $10.74\n: Leaside LEA\n416-484-0090\n1860 Bayview Ave\n: Leaside LEA\n: WHOLE\nFOODS\nR\nMARKET\n: 416-484-0090\nTARE =: ( 0.045 kg )\nEmployee Discount: 20.0%\nG 5.0%: 5.0% 9.50 0.48\nNo. items: 2\nType:: Purchase\nAcct:: MasterCard\nCard #:: xxxxxxxxxxxx2340\nReference #:: 0015180550 H\n\nITEM: HOT BAR HB | PRICE: $13.98 | QUANTITY: 0.425 kg | UNIT_PRICE: $32.90/kg | EXPENSE_ROW: HOT BAR HB\n0.425 kg @ $32.90/kg $13.98 GPF\nTARE = ( 0.045 kg )\nITEM: 15% OFF PFDBARS SOUP TM 3 | PRICE: $2.10 | EXPENSE_ROW: 15% OFF PFDBARS SOUP TM 3 $2.10\nPRICE: $0.00 | EXPENSE_ROW: TM FOOD BAR 15% OFF $0.00 H"
    }
  },
  {
    "data": {
      "text": ": RCSS Harvest Hills Edmonton\n615-54 STREET SW EDMONTON AB\n: 615-54 STREET SW\n: EDMONTON\n: Edmonton\n615-54 STREET SW EDMONTON\n: REAL\nCANADIAN\nSUPERSTORE\n: RCSS Harvest Hills Edmonton\n615-54 STREET SW EDMONTON AB\n: REAL\nCANADIAN\nSUPERSTORE\n: (780) 440-0850\n\nITEM: (3)05880741325 HUNTS SNK PK\n$2.29 ea or 3/$6.00 | PRICE: 6.00 | QUANTITY: 3 | UNIT_PRICE: 3/$6.00 | EXPENSE_ROW: (3)05880741325 HUNTS SNK PK RJ\n$2.29 ea or 3/$6.00\n6.00\n3 @ 3/$6.00\nITEM: 06038369721 PC SALSA WHT CRN | PRICE: 3.99 | QUANTITY: 1 | UNIT_PRICE: $3.99 | EXPENSE_ROW: 06038369721 PC SALSA WHT CRN RJ\n$3.99 1mt 4, $4.77 ea\n3.99\n1 @ $3.99 ea\nITEM: 06038399249 NN CHIPS | PRICE: 1.49 | EXPENSE_ROW: 06038399249 NN CHIPS GRJ 1.49\nITEM: 06410012016 MW REG CRL | PRICE: 17.98 | QUANTITY: 2 | UNIT_PRICE: $8.99 | EXPENSE_ROW: 06410012016 MW REG CRL RJ\n$8.99 lmt 4, $10.49 ea\n17.98\n2 @ $8.99 ea boo\nITEM: 06410028202 KELL NG BARS | PRICE: 2.99 | QUANTITY: 1 | UNIT_PRICE: $2.99 | EXPENSE_ROW: 06410028202 KELL NG BARS RJ\n$2.99 1mt 6, $3.79 ea\n1 @ $2.99 ea 2.99\nITEM: 06563313418 GM CHEERIOS | PRICE: 10.94 | QUANTITY: 2 | UNIT_PRICE: $5.47 | EXPENSE_ROW: 06563313418 GM CHEERIOS RJ\n$5.47 1mt 4, $6.49 ea\n2 @ $5.47 ea 10.94\nITEM: 06563318594 NV SWT SLT PNT | PRICE: 10.99 | EXPENSE_ROW: 06563318594 NV SWT SLT PNT GRJ 10.99\nITEM: 06748910299 GLAD KTCHN CTCHR | PRICE: 7.49 | QUANTITY: 1 | UNIT_PRICE: $7.49 | EXPENSE_ROW: 06748910299 GLAD KTCHN CTCHR GRJ\n$7.49 1mt 4, $9.99 ea\n1 @ $7.49 ea 7.49\nITEM: (4) 06840066200 KNORR RICE MEX\n$2.29 ea or 4/$7.00 | PRICE: 7.00 | QUANTITY: 4 | UNIT_PRICE: 4/$7.00 | EXPENSE_ROW: (4) 06840066200 KNORR RICE MEX RJ\n$2.29 ea or 4/$7.00\n4 @ 4/$7.00 7.00\nITEM: 05680086809 DACT COCONUT\n$3.33 1mt 4, $3.99 ea | PRICE: 3.33 | QUANTITY: 1 | UNIT_PRICE: $3.33 | EXPENSE_ROW: 05680086809 DACT COCONUT RJ\n$3.33 1mt 4, $3.99 ea\n1 @ $3.33 ea 3.33\nITEM: 06038317547 NN BAR P MOZZ | PRICE: 7.89 | EXPENSE_ROW: 06038317547 NN BAR P MOZZ RJ 7.89\nITEM: 06038366414 LARGE EGGS | PRICE: 4.10 | EXPENSE_ROW: 06038366414 LARGE EGGS RJ 4.10\nITEM: 06570010027 BEATRICE 2% MILK | PRICE: 5.59 | EXPENSE_ROW: 06570010027 BEATRICE 2% MILK RQ 5.59\nITEM: RECYCLING FEE | PRICE: 0.05 | EXPENSE_ROW: RECYCLING FEE 0.05\nITEM: DEPOSIT 1 | PRICE: 0.25 | EXPENSE_ROW: DEPOSIT 1\n0.25\nITEM: 62639431950 BASSE CRNBRY MIX | PRICE: 5.50 | EXPENSE_ROW: 62639431950 BASSE CRNBRY MIX\nGRJ 5.50\nITEM: 06038315200 PTO WHT/RST 20LB | PRICE: 3.99 | EXPENSE_ROW: 3.99\n06038315200 PTO WHT/RST 20LB\nRJ\n9.00\n06038315980 NNI PEPPERS 2.5\nRJ\nPRODUCT_CODE: 06038317490 | ITEM: 06038315980 NNI PEPPERS 2.5 | PRICE: 9.00 | EXPENSE_ROW: 9.00\n06038315980 NNI PEPPERS 2.5\nRJ\n7.00\n06038317490 PC KALE SLAW\nRJ\nPRODUCT_CODE: 06038317490 | ITEM: 06038322275 PC BABY SPINACH\n$2.73 1mt 1, $6.99 ea | PRICE: 4.99 | QUANTITY: 1 | UNIT_PRICE: $2.73 ea | EXPENSE_ROW: 06038317490\nRJ\n06038322275 PC BABY SPINACH tno 4.99\nRJ\n$2.73 1mt 1, $6.99 ea\n1 @ $2.73 ea"
    }
  },
  {
    "data": {
      "text": ": Leaside LEA\n416-484-0090\n1860 Bayview Ave\n: 1860 Bayview Ave\n: 1860 Bayview Ave\n: WHOLE\nFOODS\nR\nMARKET\nEmployee Discount 20.0%: -$1.96\nDATE: 24-03-25\nTRANS.: 47776\nTAX: 864826995\nBalance to pay: $8.52\nBalance to pay: $8.52\n: Leaside LEA\n416-484-0090\n1860 Bayview Ave\n: WHOLE\nFOODS\nR\nMARKET\n: 416-484-0090\n: http: //www.wfm.com/CANfeedback\nNo. items: 4\nSTORE: 10500\nTILL: 253\nOP NO.: 12423563\nTIME: 19: 53\n\nITEM: PAPER TOWELS 100PCT R | PRICE: $2.39 | EXPENSE_ROW: PAPER TOWELS 100PCT R $2.39 H\nITEM: BAG STORAGE DOUBLE ZI | PRICE: $4.39 | EXPENSE_ROW: BAG STORAGE DOUBLE ZI $4.39 H\nITEM: AVOCADO HASS MED CV | PRICE: $3.00 | QUANTITY: 2 | UNIT_PRICE: $1.50 | EXPENSE_ROW: AVOCADO HASS MED CV $3.00 N\n2 @ $1.50"
    }
  },
  {
    "data": {
      "text": ": Leaside LEA\n416-484-0090\n1860 Bayview Ave\n: 1860 Bayview Ave\n: Leaside LEA\n: 1860 Bayview Ave\n: WHOLE\nFOODS\nR\nMARKET\nVISA: $13.40\nEmployee Discount 20.0%: -$6.38\nManu Value Coupon: $12.99\nTran. #:: 29443\nTAX: 864826995\nBalance to pay: $26.39\nBalance to pay: $26.39\n: Leaside LEA\n416-484-0090\n1860 Bayview Ave\n: Leaside LEA\n: WHOLE\nFOODS\nR\nMARKET\n: 416-484-0090\nEmployee Discount: 20.0%\nNo items: 5\nType:: Purchase\nAcct:: Visa\n\nITEM: YOGURT GREEK PLAIN OP | PRICE: $7.29 | EXPENSE_ROW: YOGURT GREEK PLAIN OP $7.29 N\nITEM: CLEANER ALL PURPOSE F | PRICE: $4.39 | EXPENSE_ROW: CLEANER ALL PURPOSE F $4.39 H\nITEM: CHIPS TORTILLA CORN T | PRICE: $3.76 | EXPENSE_ROW: CHIPS TORTILLA CORN T $3.76 H\nITEM: HUMMUS JALAPENO CORIA | PRICE: $3.49 | EXPENSE_ROW: HUMMUS JALAPENO CORIA $3.49 N\nITEM: SMOOTHIE OAT IMMUNO 1 | PRICE: $12.99 | EXPENSE_ROW: SMOOTHIE OAT IMMUNO 1 $12.99 N"
    }
  },
  {
    "data": {
      "text": ": Toronto Eaton Centre\n220 Yonge St\nToronto, ON M5B 2H1\nCAN\n: Toronto Eaton Centre\n220 Yonge St\n: Toronto,\n: ON\n: M5B 2H1\n: CAN\n: Toronto Eaton Centre\n220 Yonge St\nToronto, ON M5B 2H1\nCAN\nCustomer:: Shabnam Mohamadi\n: ARITZIA\nVisa: 45.20\nCustomer ID:: 18935768\nDate:: 3/21/25\nTrans ID:: 895328\nGST: #817750078 RT0001\nQST: #1219319068 TQ0001\nGST: #817750078 RT0001\nCustomer:: Shabnam Mohamadi\nSubtotal: 40.00\nGST/HST: 5.20\nTotal: 45.20\n: Toronto Eaton Centre\n220 Yonge St\nToronto, ON M5B 2H1\nCAN\n: ARITZIA\n: 416-204-1318\nStore:: 1304\nTime:: 6: 53 PM\nRegister: 1\nCashier:: 145774\nAssociate:: 1000\nColour:: WASHED DK NT NVY/ WH. Size\nAuth #:: 02786N\nTransaction\nType:: Sale\nAuth Time:: 6: 54 p.m.\nSTORE: # 1304\nREG #: 1\n\nPRODUCT_CODE: 10000001934669 | ITEM: LOS ANGELES DODGERS 9TWENTY HAT\n114833, Colour: WASHED DK NT NVY/ WH. Size | PRICE: 40.00 | QUANTITY: 1 | UNIT_PRICE: 40.00 | EXPENSE_ROW: 10000001934669 1 40.00 40.00\nLOS ANGELES DODGERS 9TWENTY HAT\n114833, Colour: WASHED DK NT NVY/ WH. Size"
    }
  },
  {
    "data": {
      "text": ": Leaside LEA\n416-484-0090\n1860 Bayview Ave\n: 1860 Bayview Ave\n: 1860 Bayview Ave\n: WHOLE\nFOODS\nF\nMARKET\nEmployee Discount 20.0%: -$0.45\nDATE: 21-03-25\nTRANS: 20080\nTAX: 864826995\nBalance to pay: $2.84\nBalance to pay: $2.84\n: Leaside LEA\n416-484-0090\n1860 Bayview Ave\n: WHOLE\nFOODS\nF\nMARKET\n: 416-484-0090\n: http: //www.wfm.com/CANfeedback\nEmployee Discount: 20.0%\nNo. items: 2\nSTORE: 10500\nTILL: 305\nOP NO.: 12308049\nTIME: 09: 53\n\nITEM: COOKIE CHOCOLATE CHUN | PRICE: $2.25 | EXPENSE_ROW: COOKIE CHOCOLATE CHUN $2.25 GPF\nITEM: TEAM MEMBER COFFEE TE | PRICE: $0.90 | EXPENSE_ROW: TEAM MEMBER COFFEE TE $0.90 GPF"
    }
  },
  {
    "data": {
      "text": ": FARM BOY - ST CLAIR\n81 St Clair Ave East\nToronto, Ontario\n: 81 St Clair Ave East\n: ST CLAIR\n: Toronto,\n: Ontario\n: FARM BOY\n: FARM BOY - ST CLAIR\n81 St Clair Ave East\nToronto, Ontario\n: FARM BOY\nVisa: $26.71\nAmount :: $26.71\nSAVING GRAND TOTAL: $1.53\nDate :: 04-12-2025\n: Apr 12 2025\n: 4/12/2025\nInv#:: 00133428\nH.S.T.#: 84179 7046 RT0001\nNet Sales: $26.43\nTOTAL SALES: $26.71\nSUB TOTAL: $26.71\nHST [$0.25]: $0.03\n: FARM BOY - ST CLAIR\n81 St Clair Ave East\nToronto, Ontario\n: FARM BOY\n: FARM BOY\nTel :: -\n(416) 963 8949\nYour Store Manager is:: Philip Jones Jr.\nTrs#:: 135924\nMarkdown:: $1.53\nBalance: $0.00\nNew customer balance: $0.00\nItem count: 8\nTemporary markdown: $1.53\nTrans#: 135924\nCard :: 6104 [2088]\nCard Type :: VI (Visa)\nTrans Type :: PURCHASE\nCard Entry: RF<M)\nAuth # :: 01609N\nSequence # :: 001931089\nTrace ID :: 465102694403602\nTime: 15:17:20\n\nITEM: CARROT Cello16x3lb | PRICE: $3.99 | EXPENSE_ROW: CARROT Cello16x3lb $3.99\nITEM: ORG Strawberries | PRICE: $2.99 | EXPENSE_ROW: ORG Strawberries $2.99\nITEM: TOMATO Cocktail | PRICE: $2.99 | EXPENSE_ROW: TOMATO Cocktail $2.99\nITEM: FB Spicy Hummus | PRICE: $4.99 | QUANTITY: 0.695 kg | UNIT_PRICE: $4.39/kg | EXPENSE_ROW: FB Spicy Hummus $4.99\n0.695 kg @ $4.39/kg\nITEM: BROCCOLI Crowns | PRICE: $3.05 | EXPENSE_ROW: BROCCOLI Crowns $3.05\nMarkdown: $1.53\nITEM: White Baguette | PRICE: $1.99 | EXPENSE_ROW: White Baguette $1.99\nITEM: Fig dried 200gr | PRICE: $3.44 | EXPENSE_ROW: Fig dried 200gr $3.44\nITEM: ORG Strawberries | PRICE: $2.99 | EXPENSE_ROW: ORG Strawberries $2.99\nITEM: Paper Bag W/ Handle | PRICE: $0.25 | EXPENSE_ROW: Paper Bag W/ Handle $0.25"
    }
  },
  {
    "data": {
      "text": ": UNIQLO Toronto Eaton Centre\n220 Yonge St, Unit C301\nToronto, ON M5B 2L7\n: 220 Yonge St, Unit C301\n: Toronto,\n: ON\n: M5B 2L7\n: UNIQLO Toronto Eaton\n: 220 Yonge St, Unit C301\nToronto, ON M5B 2L7\n: UNI\nQLO\nCredit / Debit Card / Contactless\nVISA: $129.73\nCustomer no.: *********9424\n: 2025-04-06\nReceipt no.: 0002-2025-04-06-35-0191\nGST/HST#: 815579586RT0001\nGST/HST#: 815579586RT0001\nSubtotal: $114.80\nNET Sales: $114.80\nH 13.000% of $114.80: $14.93\nSales tax total: $14.93\nTOTAL: $129.73\n: UNIQLO Toronto Eaton Centre\n220 Yonge St, Unit C301\nToronto, ON M5B 2L7\n: UNIQLO Toronto Eaton\n: UNI\nQLO\n: WWW.UNIQLO.COM\nUnits sold: 4\nPayment Method: Credit / Debit Card / Contactless $129.73\nVISA\n\nPRODUCT_CODE: 2000200993988 | ITEM: Slim fit chino pants | PRICE: $59.90 H | QUANTITY: 1 | EXPENSE_ROW: Slim fit chino pants\n2000200993988 1 $59.90 H\nITEM: Multi-unit promo price 2 for\nW's T dress | PRICE: $14.90 | EXPENSE_ROW: Multi-unit promo price 2 for $14.90\nW's T dress\nITEM: Paper Bag/Sac Papier | PRICE: $0.10 H | EXPENSE_ROW: Paper Bag/Sac Papier $0.10 H\nPRODUCT_CODE: 2000194527923 | PRICE: $39.90 H | QUANTITY: 1 | EXPENSE_ROW: 2000194527923 1 $39.90 H"
    }
  },
  {
    "data": {
      "text": ": Leaside LEA\n416-484-0090\n1860 Bayview Ave\n: 1860 Bayview Ave\n: Leaside LEA\n: 1860 Bayview Ave\n: WHOLE\nFOODS\nR\nMARKET\nAmount: CAD$10.08\nEmployee Discount 20.0%: $5.77\nManu Value Coupon: $12.99\nTran. #:: 11491\nTAX: 864826995\nGROSS: 23.07\nTAX: 0.00\nBalance to pay: $23.07\nBalance to pay: $23.07\n: Leaside LEA\n416-484-0090\n1860 Bayview Ave\n: Leaside LEA\n: WHOLE\nFOODS\nR\nMARKET\n: 416-484-0090\nEmployee Discount: 20.0%\nTAX IND: N\nRATE: 0.0%\nNo. items: 7\nM/C: $10.08\nType:: Purchase\nAcct:: MasterCard\nCard #:: Amount CAD$10.08\n\nITEM: SMOOTHIE OAT IMMUNO 1 | PRICE: $12.99 | EXPENSE_ROW: $12.99 N\nSMOOTHIE OAT IMMUNO 1\nITEM: BERRY RASPBERRY RED 6 | PRICE: $5.49 | EXPENSE_ROW: $5.49 N\nBERRY RASPBERRY RED 6\nITEM: BERRY STRAWBERRY 160Z | PRICE: $5.99 | EXPENSE_ROW: $5.99 N\nBERRY STRAWBERRY 160Z\nITEM: TOMATO ON THE VINE CV | PRICE: $1.58 | QUANTITY: 0.180 kg | UNIT_PRICE: $8.80/kg | EXPENSE_ROW: TOMATO ON THE VINE CV\n$1.58 N\n0.180 kg @ $8.80/kg\nITEM: CRACKERS SEA SALT | PRICE: $2.00 | EXPENSE_ROW: $2.00 N\nCRACKERS SEA SALT\nITEM: PEPPER JALAPENO GREEN OG | PRICE: $0.53 | QUANTITY: 0.040 kg | UNIT_PRICE: $13.21/kg | EXPENSE_ROW: PEPPER JALAPENO GREEN OG\n$0.53 N\n0.040 kg @ $13.21/kg\nITEM: PEPPER SERRANO OG | PRICE: $0.26 | QUANTITY: 0.015 kg | UNIT_PRICE: $17.61/kg | EXPENSE_ROW: PEPPER SERRANO OG\n$0.26 N\n0.015 kg @ $17.61/kg"
    }
  },
  {
    "data": {
      "text": ": Leaside LEA\n416-484-0090\n1860 Bayview Ave\n: 1860 Bayview Ave\n: Leaside LEA\n: 1860 Bayview Ave\n: WHOLE\nFOODS\nR\nMARKET\nVISA: $30.60\nAmount: CAD$30.60\n15% OFF PFDBARS SOUP TM 3: -$2.00\nEmployee Discount 20.0%: $7.36\nTran. #:: 20148\nTAX: 864826995\nBalance to pay: $30.60\nBalance to pay: $30.60\n: Leaside LEA\n416-484-0090\n1860 Bayview Ave\n: Leaside LEA\n: WHOLE\nFOODS\nR\nMARKET\n: 416-484-0090\nEmployee Discount: 20.0%\nG: 5.0% 9.06 0.45\nH: 13.0% 0.00 0.00\nPF: 8.0% 9.06 0.72\nN: 0.0% 20.37 0.00\nNo. items: 7\nType:: Purchase\nAcct:: Visa\nCard #:: XXXXXXXXXXXX7246\n\nITEM: HEMP SEED NUTS | PRICE: $2.50 | EXPENSE_ROW: HEMP SEED NUTS\n$2.50 N\nITEM: HEMP SEED NUTS | PRICE: $2.50 | EXPENSE_ROW: N\nHEMP SEED NUTS\n$2.50 N\nITEM: YEAST NUTRITIONAL T66 | PRICE: $8.49 | EXPENSE_ROW: N\nYEAST NUTRITIONAL T66\n$8.49 N\nITEM: YOGURT GREEK VANILLA | PRICE: $6.99 | EXPENSE_ROW: N\nYOGURT GREEK VANILLA\n$6.99 N\nITEM: HOT BAR HB | PRICE: $13.32 | QUANTITY: 0.405 kg | UNIT_PRICE: $32.90/kg | EXPENSE_ROW: HOT BAR HB\n0.405 kg @ $32.90/kg\n$13.32 GPF\nTARE = ( 0.045 kg )\nITEM: BERRY BLUEBERRY PINT | PRICE: $4.99 | EXPENSE_ROW: BERRY BLUEBERRY PINT\n$4.99 N\nPRICE: $0.00 | EXPENSE_ROW: TM FOOD BAR 15% OFF\n$0.00 H"
    }
  },
  {
    "data": {
      "text": ": UNIQLO Toronto Eaton Centre\n220 Yonge St, Unit C301\nToronto, ON M5B 2L7\n: 220 Yonge St, Unit C301\n: Toronto,\n: ON\n: M5B 2L7\n: UNIQLO\n: 220 Yonge St, Unit C301\nToronto, ON M5B 2L7\n: 1 UNI\nDO QLO\nCredit / Debit Card / Contactless\nVISA: $78.99\n: 2025-03-28\nReceipt no.: 0002-2025-03-28-34-0054\nGST/HST#: 815579586RT0001\nGST/HST#: 815579586RT0001\nSubtotal: $69.90\nNET Sales: $69.90\nH 13.000% of $69.90: $9.09\nSales tax total: $9.09\nTOTAL: $78.99\n: UNIQLO Toronto Eaton Centre\n220 Yonge St, Unit C301\nToronto, ON M5B 2L7\n: UNIQLO\n: 1 UNI\nDO QLO\n: WWW.UNIQLO.COM\nUnits sold: 2\nPayment Method: Credit / Debit Card / Contactless\nVISA\n\nPRODUCT_CODE: 2000194281672 | ITEM: W's wireless bra | PRICE: $34.90 | QUANTITY: 1 | EXPENSE_ROW: W's wireless bra\n2000194281672 1 $34.90 H\nPRODUCT_CODE: 2000194282150 | ITEM: W's wireless bra | PRICE: $34.90 | QUANTITY: 1 | EXPENSE_ROW: W's wireless bra\n1 $34.90 H\n2000194282150\nITEM: Paper Bag/Sac Papier | PRICE: $0.10 H | EXPENSE_ROW: $0.10 H\nPaper Bag/Sac Papier"
    }
  },
  {
    "data": {
      "text": ": Leaside LEA\n416-484-0090\n1860 Bayview Ave\n: 1860 Bayview Ave\n: Leaside LEA\n: 1860 Bayview Ave\n: THAN ORMONE\nWHOLE\nFOODS\nR\nMARKET\nLocal Cash: $15.00\nDiscount 20.0%: -$2.97\nTAX: 864826995\nTAX: 0.00\nBalance to pay: $11.89\nBalance to pay: $11.89\nGROSS: 11.89\n: Leaside LEA\n416-484-0090\n1860 Bayview Ave\n: Leaside LEA\n: THAN ORMONE\nWHOLE\nFOODS\nR\nMARKET\n: 416-484-0090\nDiscount\nEmployee: 20.0%\nTAX IND: N\nRATE: 0.0%\nNo. items: 4\nRounding: $0.01\nCHANGE: $3.10\n\nITEM: CRACKERS SEA SALT | PRICE: $2.49 | EXPENSE_ROW: $2.49 N\nCRACKERS SEA SALT\nITEM: BEANS PINTO OG | PRICE: $2.69 | EXPENSE_ROW: $2.69 N\nBEANS PINTO OG\nITEM: BEANS PINTO OG | PRICE: $2.69 | EXPENSE_ROW: $2.69 N\nBEANS PINTO OG\nITEM: EGGS OMEGA 3 FREE RUN | PRICE: $6.99 | EXPENSE_ROW: $6.99 N\nEGGS OMEGA 3 FREE RUN"
    }
  },
  {
    "data": {
      "text": ": Leaside LEA\n416-484-0090\n1860 Bayview Ave\n: 1860 Bayview Ave\n: 1860 Bayview Ave\n: WHOLE\nFOODS\nR\nMARKET\nDATE: 11-03-25\nTRANS: 47170\nTAX: 864826995\nTAX: 1.95\nBalance to pay: $16.94\nBalance to pay: $16.94\n: Leaside LEA\n416-484-0090\n1860 Bayview Ave\n: WHOLE\nFOODS\nR\nMARKET\n: 416-484-0090\n: http: //www.wfm.com/CANfeedback\nTAX IND: H\nRATE: 13.0%\nGROSS: 14.99\nNo. items: 1\nSTORE: 10500\nTILL: 257\nOP NO.: 12416325\nTIME: 19: 12\n\nITEM: MAGAZINE ECONOMIST | PRICE: $14.99 H | EXPENSE_ROW: MAGAZINE ECONOMIST $14.99 H"
    }
  },
  {
    "data": {
      "text": ": FARM BOY ST CLAIR\n-\n81 St Clair Ave East\nToronto, Ontario\n: 81 St Clair Ave East\n: ST CLAIR\n: Toronto,\n: Ontario\n: FARM BOY\n: FARM BOY ST CLAIR\n-\n81 St Clair Ave East\nToronto, Ontario\n: FARM BOY\nMaster: $21.31\nAmount :: $21.31\nTemporary markdown: $3.75\nDate :: 04-06-2025\n: 4/6/2025\n: Apr 06 2025\nInv#:: 00132320\nH.S.: T.# 84179 7046 RT0001\nNet Sales: $21.31\nSUB TOTAL: $21.31\nSAVING GRAND TOTAL: $3.75\nTOTAL SALES: $21.31\n: FARM BOY ST CLAIR\n-\n81 St Clair Ave East\nToronto, Ontario\n: FARM BOY\n: FARM BOY\nTel :: (416) - 963 8949\nYour Store Manager is:: Philip Jones Jr.\nTrs#:: 134792\nMarkdown:: $0.49\nMarkdown:: $1.10\nMarkdown:: $0.66\nMarkdown:: $1.50\nBalance: $0.00\nNew customer balance: $0.00\nItem count: 8\nTrans#: 134792\nTRANSACTION RECORD: Card : ************2340 [7900]\nA0000000041010\nCard Type : MC (Mastercard)\nMASTERCARD\nTrans Type : PURCHASE\nCard Entry : RF (M)\nAuth # : 06609Z\nSequence # : 001925222\nTrace ID : MCSNCCK4U0406\nDate : 04-06-2025\nTime : 19:35:53\nCard\n:: ************2340 [7900]\nCard Type :: MC (Mastercard)\nTrans Type :: PURCHASE\nCard Entry :: RF (M)\nAuth #\n:: 06609Z\nSequence # :: 001925222\nTrace ID :: MCSNCCK4U0406\nTime :: 19:35:53\n\nITEM: Pita Wheat 8\" | PRICE: $1.99 | QUANTITY: 1 | UNIT_PRICE: 2/ $5.00 | EXPENSE_ROW: Pita Wheat 8\" $1.99\n1 @ 2/ $5.00\nITEM: Mush Brown Whol 227 | PRICE: $2.50 | QUANTITY: 0.500 kg | UNIT_PRICE: $4.39/kg | EXPENSE_ROW: Mush Brown Whol 227 $2.50\nMarkdown: $0.49\n0.500 kg @ $4.39/kg\nITEM: ORANGE Blood | PRICE: $2.20 | QUANTITY: 0.430 kg | UNIT_PRICE: $6.59/kg | EXPENSE_ROW: ORANGE Blood $2.20\nMarkdown: $1.10\n0.430 kg @ $6.59/kg\nITEM: Apple Royal Gala | PRICE: $2.83 | QUANTITY: 0.340 kg | UNIT_PRICE: $4.39/kg | EXPENSE_ROW: Apple Royal Gala $2.83\n0.340 kg @ $4.39/kg\nITEM: YAM Sweet | PRICE: $1.49 | QUANTITY: 0.300 kg | UNIT_PRICE: $4.39/kg | EXPENSE_ROW: YAM Sweet $1.49\n0.300 kg @ $4.39/kg\nITEM: SPROUT Brussel | PRICE: $1.32 | EXPENSE_ROW: SPROUT Brussel $1.32\nMarkdown: $0.66\nITEM: French's Ketchup | PRICE: $5.99 | EXPENSE_ROW: French's Ketchup $5.99\nITEM: CrustiniBurger Buns | PRICE: $2.99 | EXPENSE_ROW: CrustiniBurger Buns $2.99\nMarkdown: $1.50"
    }
  },
  {
    "data": {
      "text": ": Leaside LEA\n416-484-0090\n1860 Bayview Ave\n: 1860 Bayview Ave\n: Leaside LEA\n: 1860 Bayview Ave\n: WHOLE\nFOODS\nR\nMARKET\nM/C: $14.00\nEmployee Discount 20.0%: -$3.41\n: 04/12/2025\nTran. #:: 20737\nTAX: 864826995\nBalance to pay: $14.00\nAmount: CAD$14.00\nBalance to pay: $14.00\n: Leaside LEA\n416-484-0090\n1860 Bayview Ave\n: Leaside LEA\n: WHOLE\nFOODS\nR\nMARKET\n: 416-484-0090\nEmployee Discount: 20.0%\nNo. items: 4\nType:: Purchase\nAcct:: MasterCard\nCard #:: XXXXXXXXXXXX2340\nReference #:: 0015240290 H\nAuth. #:: 02827Z\n\nITEM: BANANA OG | PRICE: $2.63 | QUANTITY: 1.005 kg | UNIT_PRICE: $2.62/kg | EXPENSE_ROW: BANANA OG\n1.005 kg @ $2.62/kg $2.63 N\nITEM: CHIPS CORN TORTILLA F | PRICE: $3.44 | EXPENSE_ROW: CHIPS CORN TORTILLA F $3.44 H\nITEM: HUMMUS JALAPENO CORIA | PRICE: $3.49 | EXPENSE_ROW: HUMMUS JALAPENO CORIA $3.49 N\nITEM: SPRINKLES RAINBOW NON | PRICE: $7.49 | EXPENSE_ROW: SPRINKLES RAINBOW NON $7.49 N"
    }
  },
  {
    "data": {
      "text": ": Leaside LEA\n416-484-0090\n1860 Bayview Ave\n: 1860 Bayview Ave\n: 1860 Bayview Ave\n: WHOLE\nFOODS\n®\nDATE: 02-02-25\nTRANS: \nTAX: 864826995\nTAX: 0.00\nBalance to pay: $18.07\nBalance to pay: $18.07\n: Leaside LEA\n416-484-0090\n1860 Bayview Ave\n: WHOLE\nFOODS\n®\n: 416-484-0090\n: http: //www.mfm.com/\nTAX IND: N\nRATE: 0.0%\nGROSS: 18.07\nNo. items: 3\nSTORE: 10500 257 12499240 34596\nTIME: 19: 16\n\nITEM: BAGELS SPROUTED SUNFL | PRICE: $6.39 | EXPENSE_ROW: $6.39 N\nBAGELS SPROUTED SUNFL\nITEM: KOMBUCHA GINGER TURME | PRICE: $4.49 | EXPENSE_ROW: $4.49 N\nKOMBUCHA GINGER TURME\nITEM: CREAM CHEESE | PRICE: $7.19 | EXPENSE_ROW: $7.19 N\nCREAM CHEESE"
    }
  },
  {
    "data": {
      "text": ": Leaside LEA\n416-484-0090\n1860 Bayview Ave\n: 1860 Bayview Ave\n: Leaside LEA\n: 1860 Bayview Ave\n: WHOLE\nFOODS\nD\nMARKET\nM/C: $1.99\nAmount: CAD$1.99\nEmployee Discount 20.0%: $0.50\nTran. #:: 22032\nTAX: 864826995\nTAX: 0.00\nBalance to pay: $1.99\nBalance to pay: $1.99\n: Leaside LEA\n416-484-0090\n1860 Bayview Ave\n: Leaside LEA\n: WHOLE\nFOODS\nD\nMARKET\n: 416-484-0090\nTAX IND: N\nRATE: 0.0%\nGROSS: 1.99\nNo. items: 1\nType:: Purchase\nAcct:: MasterCard\nCard #:: XXXXXXXXXXXX2340\n\nITEM: BEANS GARBANZO OG | PRICE: $2.49 | EXPENSE_ROW: BEANS GARBANZO OG $2.49 N"
    }
  },
  {
    "data": {
      "text": ": Yorkville YRK\n416-944-0500\n87 Avenue Road\n: 87 Avenue Road\n: Yorkville\n: Yorkville YRK\n416-944-0500\n87 Avenue Road\n: WHOLE\nFOODS\nR\nMARKET\nVISA: $5.06\nAmount: CAD$5.06\nEmployee Discount 20.0%: -$1.27\nDATE: 03-04-25\n: 04/03/2025\nTran. #:: 18760\nTRANS.: 93132\nTAX: 894696764\nGROSS: 5.06\nTAX: 0.00\nBalance to pay: $5.06\nBalance to pay: $5.06\n: Yorkville YRK\n416-944-0500\n87 Avenue Road\n: WHOLE\nFOODS\nR\nMARKET\n: 416-944-0500\n: http: //www.wfm.com/CANfeedback\nEmployee Discount: 20.0%\nTAX IND: N\nRATE: 0.0%\nNo. items: 1\nType:: Purchase\nAcct:: Visa\nCard #:: XXXXXXXXXXXX6104\nReference #:: 0016210720 H\nAuth. #:: 00735N\nSTORE: 10168\nTILL: 961\nOP NO.: 19801461\nTIME: 14: 10\n\nITEM: GRANOLA CHUNKY FLAXSE | PRICE: $6.33 | EXPENSE_ROW: GRANOLA CHUNKY FLAXSE $6.33 N"
    }
  },
  {
    "data": {
      "text": ": Leaside LEA\n416-484-0090\n1860 Bayview Ave\n: 1860 Bayview Ave\n: 1860 Bayview Ave\n: WHOLE\nFOODS\nR\nMARKET\nVISA\n452034******2340: $17.\nDATE: 01-03-25\nTRANS: 37988\nTAX: 864826995\nTAX: 0.00\nBalance to pay: $17.97\nBalance to pay: $17.97\n: Leaside LEA\n416-484-0090\n1860 Bayview Ave\n: WHOLE\nFOODS\nR\nMARKET\n: http: //www.wfm.com/CANfeedback\nTAX IND: N\nRATE: 0.0%\nGROSS: 17.97\nNo. items: 3\nSTORE: 10500\nTILL: 259\nOP NO.: 12409851\nTIME: 08: 46\n\nITEM: TEA ELDERBERRY ECHINA | PRICE: $5.99 | EXPENSE_ROW: TEA ELDERBERRY ECHINA $5.99 N\nITEM: TEA SLIPPERY ELM THRO | PRICE: $5.99 | EXPENSE_ROW: TEA SLIPPERY ELM THRO $5.99 N\nITEM: TEA ECHINACEA PLUS OG | PRICE: $5.99 | EXPENSE_ROW: TEA ECHINACEA PLUS OG $5.99 N"
    }
  },
  {
    "data": {
      "text": ": metro\nCREDIT CR: 26.62\nCAD$: 26.62\nPromotional discounts: 13.63\nTotal of your savings: 13.63\nDateTime:: 25/04/07\n: 04/07/2025\nHST#: R105216170\nSUBTOTAL: 26.58\n0.33 HST (13.000)%: 0.04\nTOTAL: 26.62\n: metro\n*CUSTOMER CARE NUMBER: 1-866-595-5554*\n: (416)482-7422\n: METROSURVEY.CA\nMoi\nnumber:\nMoi Rewards card: 309028823\nHST: (13.000)%\nitems sold =: 7\nPoints: 8\nBonus points: 0\nNew earned points: 8\nNEW POINTS BALANCE: 132\nYour code: 65060713093269400720\nTrans. Type:: PURCHASE\nAccount:: MASTERCARD\nCard Type:: CREDIT\nCard Number:: 2340 P\nRef. #:: 153854\nAuth # :: 073172\n\nITEM: (2)CEDAR OLIVE | PRICE: 14.98 | QUANTITY: 2 | UNIT_PRICE: $7.49 | EXPENSE_ROW: (2)CEDAR OLIVE\n14.98\n2 @ $7.49\nSaving 5.00\n7.49\nPRODUCT_CODE: (2)SUNSET | ITEM: (2)SUNSET MEDIUM SE | PRICE: 1.98 | QUANTITY: 2 | UNIT_PRICE: $0.99 | EXPENSE_ROW: (2)SUNSET MEDIUM SE\n1.98\n2 @ $0.99\nSaving 4.00\nITEM: GREEN CABBAGE | PRICE: 1.80 | QUANTITY: 1.385 kg | UNIT_PRICE: $1.30/kg | EXPENSE_ROW: GREEN CABBAGE\n1.80\n1.385 kg @ $1.30/kg\nSaving 2.13\nITEM: GENERAL MERC | PRICE: 0.33 | EXPENSE_ROW: GENERAL MERC H 0.33\nMETRO ON R.T-SH.\n26.58"
    }
  },
  {
    "data": {
      "text": ": Leaside LEA\n416-484-0090\n1860 Bayview Ave\n: 1860 Bayview Ave\n: 1860 Bayview Ave\n: WHOLE\nFOODS\nR\nMARKET\nVISA: $6.82\nEmployee Discount 20.0%: -$1.70\nTran. #:: 29857\nTAX: 864826995\nTAX: 0.00\nBalance to pay: $6.82\nBalance to pay: $6.82\n: Leaside LEA\n416-484-0090\n1860 Bayview Ave\n: WHOLE\nFOODS\nR\nMARKET\n: 416-484-0090\nEmployee Discount: 20.0%\nTAX IND: N\nRATE: 0.0%\nGROSS: 6.82\nNo. items: 6\nType:: Purchase\n\nITEM: CRACKERS SEA SALT | PRICE: $2.49 | EXPENSE_ROW: CRACKERS SEA SALT $2.49 N\nITEM: LIME REG CV | PRICE: $2.25 | QUANTITY: 3 | UNIT_PRICE: $0.75 | EXPENSE_ROW: $2.25 N\nLIME REG CV\n3 @ $0.75\nITEM: AVOCADO HASS MED CV | PRICE: $3.78 | QUANTITY: 2 | UNIT_PRICE: $1.89 | EXPENSE_ROW: AVOCADO HASS MED CV $3.78 N\n2 @ $1.89"
    }
  },
  {
    "data": {
      "text": ": Leaside LEA\n416-484-0090\n1860 Bayview Ave\n: 1860 Bayview Ave\n: Leaside LEA\n: 1860 Bayview Ave\n: WHOLE\nFOODS\nR\nMARKET\nVISA: $5.49\nAmount: CAD$5.49\n: 04/01/2025\nTran. #:: 15302\nTAX: 864826995\nTAX: 0.00\nBalance to pay: $5.49\nBalance to pay: $5.49\n: Leaside LEA\n416-484-0090\n1860 Bayview Ave\n: Leaside LEA\n: WHOLE\nFOODS\nR\nMARKET\n: 416-484-0090\nTAX IND: N\nRATE: 0.0%\nGROSS: 5.49\nNo. items: 1\nType:: Purchase\nAcct:: Visa\nCard #: XXXXXXXXXXXX1947\nReference #:: 0015122110 H\nAuth #:: 096871\n\nITEM: Sourdough Bread | PRICE: $5.49 | EXPENSE_ROW: Sourdough Bread $5.49 N"
    }
  },
  {
    "data": {
      "text": ": Leaside LEA\n416-484-0090\n1860 Bayview Ave\n: 1860 Bayview Ave\n: Leaside LEA\n: 1860 Bayview Ave\n: WHOLE\nFOODS\nR\nMARKET\nM/C: $3.19\nAmount: CAD$3.19\nEmployee Discount 20.0%: -$0.80\nTran. #:: 24810\nTAX: 864826995\nTAX: 0.00\nBalance to pay: $3.19\nBalance to pay: $3.19\n: Leaside LEA\n416-484-0090\n1860 Bayview Ave\n: Leaside LEA\n: WHOLE\nFOODS\nR\nMARKET\n: 416-484-0090\nEmployee Discount: 20.0%\nTAX IND: N\nRATE: 0.0%\nGROSS: 3.19\nNo. items: 1\nType:: Purchase\nAcct:: MasterCard\nCard #:: XXXXXXXXXXXX2340\n\nITEM: SALT KOSHER | PRICE: $3.99 | EXPENSE_ROW: SALT KOSHER $3.99 N"
    }
  },
  {
    "data": {
      "text": ": Leaside LEA\n416-484-0090\n1860 Bayview Ave\n: 1860 Bayview Ave\n: Leaside LEA\n: 1860 Bayview Ave\n: WHOLE\nFOODS\n02\nVISA: $6.82\nEmployee Discount 20.0%: $1.70\nDATE: 04-04-25\n: 04/04/2025\nTran. #:: 29857\nTRANS.: 55445\nTAX: 864826995\nGROSS: 6.82\nTAX: 0.00\nBalance to pay: $6.82\nAmount: CAD$6.82\nBalance to pay: $6.82\n: Leaside LEA\n416-484-0090\n1860 Bayview Ave\n: Leaside LEA\n: WHOLE\nFOODS\n02\n: http: //www.wfm.com/CANfeedback\nEmployee Discount: 20.0%\nTAX IND: N\nRATE: 0.0%\nNo. items: 6\nType:: Purchase\nAcct:: Visa\nCard #:: XXXXXXXXXXXX7246\nReference #:: 0015152180 H\nAuth. #: 00263N\nVisa CREDIT: A0000000031010\nSTORE: 10500 257 12499239\nTIME: 20: 40\n\nITEM: CRACKERS SEA SALT | PRICE: $2.49 | EXPENSE_ROW: $2.49 N\nCRACKERS SEA SALT\nITEM: LIME REG CV | PRICE: $2.25 | UNIT_PRICE: $0.75 | EXPENSE_ROW: $2.25 N\nLIME REG CV\n3 € $0.75\nITEM: AVOCADO HASS MED CV | PRICE: $3.78 | QUANTITY: 2 | UNIT_PRICE: $1.89 | EXPENSE_ROW: $3.78\nAVOCADO HASS MED CV\n2 $1.89"
    }
  },
  {
    "data": {
      "text": ": FARM BOY ST CLAIR\n-\n81 St Clair Ave East\nOntario\nToronto,\n: 81 St Clair Ave East\n: Toronto,\n: Ontario\n: FARM BOY\n: 81 St Clair Ave East\nOntario\nToronto,\n: FARM BOY\nVisa: $50.53\n: 3/27/2025\nInv#:: 00119138\nH.S.T.#: 84179 7046 RT0001\nNet Sales: $49.96\nTOTAL SALES: $50.53\nHST [$0.50]: $0.07\nSUB TOTAL: $50.53\n: FARM BOY ST CLAIR\n-\n81 St Clair Ave East\nOntario\nToronto,\n: FARM BOY\n: FARM BOY\nTel:: (416) - 963 8949\nStore Manager is:: Philip Jones Jr.\nTrs#:: 119999\nMarkdown:: $1.34\nBalance: $0.00\n\nITEM: Swiss Farmer bread | PRICE: $4.99 | QUANTITY: 0.390 kg | UNIT_PRICE: $6.59/kg | EXPENSE_ROW: $4.99\nSwiss Farmer bread\n0.390 kg @ $6.59/kg\n$2.57\nITEM: TOMATO Vine Ripe | PRICE: $2.57 | EXPENSE_ROW: 0.390 kg\n$2.57\nTOMATO Vine Ripe\n$0.25\nHandle\nITEM: MUSHROOM Coffee | PRICE: $2.48 | QUANTITY: 0.495 kg | UNIT_PRICE: $4.39/kg | EXPENSE_ROW: [Tare: 0.010 kgl 0.225 kg\n$2.48\nMUSHROOM Coffee\n0.495 kg @ $4.39/kg\n$2.17\nCrowns\nITEM: BROCCOLI Crowns | PRICE: $2.17 | QUANTITY: 1 | UNIT_PRICE: $5.00 | EXPENSE_ROW: 0.495 kg @ $4.39/kg\n$2.17\nBROCCOLI Crowns\nMarkdown: $1.09\n1 @ 4/ $5.00\n$1.25\nEng Reg\nITEM: CUCUMBER Eng Reg | PRICE: $1.25 | EXPENSE_ROW: 1 @\n$1.25\nCUCUMBER Eng Reg\nMarkdown: $0.25\nITEM: PEPPER Jalapeno | PRICE: $1.96 | QUANTITY: 1 | UNIT_PRICE: $5.00 | EXPENSE_ROW: $1.96\nPEPPER Jalapeno\n1 @ 2/ $5.00\n$2.50\nITEM: Onion Red 21b | PRICE: $2.50 | EXPENSE_ROW: $2.50\nOnion Red 21b\nMarkdown: $1.49\nITEM: POTATO Yellow 5lbs | PRICE: $2.99 | QUANTITY: 1 | UNIT_PRICE: $5.00 | EXPENSE_ROW: POTATO Yellow 5lbs $2.99\nMarkdown: $1.00\n1 @ 2/ $5.00\nITEM: BEET 2 lbs | PRICE: $2.50 | QUANTITY: 0.405 kg | UNIT_PRICE: $5.49/kg | EXPENSE_ROW: $2.50\nBEET 2 lbs\nMarkdown: $0.49\n0.405 kg @ $5.49/kg\nITEM: Apple Honey Crisp | PRICE: $2.22 | EXPENSE_ROW: Apple Honey Crisp $2.22\nMarkdown: $1.34\nITEM: BLUEBERRIES | PRICE: $2.99 | QUANTITY: 0.220 kg | UNIT_PRICE: $5.49/kg | EXPENSE_ROW: BLUEBERRIES $2.99\nMarkdown: $2.00\n0.220 kg @ $5.49/kg\nITEM: SQUASH ZucchiniReg | PRICE: $1.21 | EXPENSE_ROW: SQUASH ZucchiniReg $1.21\nITEM: Fig dried 200gn | PRICE: $3.44 | EXPENSE_ROW: $3.44\nFig dried 200gn\n$16.69\nITEM: CHICK- Thigh BnlsSL | PRICE: $16.69 | EXPENSE_ROW: $16.69\nCHICK- Thigh BnlsSL\n$0.25\nITEM: Paper Bag w/ Handle | PRICE: $0.25 | EXPENSE_ROW: CHICK- Thigh BnlsSL\n$0.25 -HST\nPaper Bag w/ Handle"
    }
  },
  {
    "data": {
      "text": ": DOLLARAMA\n1560 Yonge Street Suite 242A\nToronto ON M4T 2S9\n: 1560 Yonge Street Suite 242A\n: Toronto\n: ON\n: M4T 2S9\n: 1560 Yonge Street Suite 242A\nToronto ON M4T 2S9\n: DOLLARAMA\nMASTERCARD: $12.09\nAMOUNT:: $ 12.09\nDATE/TIME:: 25/03/27\n: 2025-03-27\nINVOICE NUMBER:: 8932\nSUBTOTAL: $10.70\nHST 13%: $1.39\nTOTAL: $12.09\n: DOLLARAMA\n1560 Yonge Street Suite 242A\nToronto ON M4T 2S9\n: DOLLARAMA\n: www.dollarama.com\nHST: 863624433\nTYPE:: PURCHASE\nACCT:: MASTERCARD\nCARD NUMBER:: 2340\nREFERENCE #:: 66571556 0010015480 H\nAUTHOR. #: :: 06543Z\nMASTERCARD: A0000000041010\nQuestions/Comments:: client@dollarama.com\n\nPRODUCT_CODE: 667888274390 | ITEM: BAGS\nKRAFT | PRICE: 1.25 H | EXPENSE_ROW: 667888274390 1.25 H\nBAGS\nKRAFT\nAAA PL INCL. ECO\nPANASONIC\nPRODUCT_CODE: 073096300088 | ITEM: BAGS\nKRAFT\nAAA PL INCL. ECO\nPANASONIC | PRICE: 2.20 H | EXPENSE_ROW: KRAFT\nAAA PL INCL. ECO\nPANASONIC\n2.20 H\n073096300088\n667888393336 1.50 H\nPRODUCT_CODE: 667888389308 | ITEM: EXT. CORD | PRICE: 2.50 H | EXPENSE_ROW: SCRUBBERS 667888503322\nSPONGE\nEXT. CORD 667888389308 2.50 H\n$10.70\nSUBTOTAL"
    }
  },
  {
    "data": {
      "text": ": FARM BOY ST CLAIR\n-\n81 St Clair Ave East\nToronto, Ontario\n: 81 St Clair Ave East\n: ST CLAIR\n: Toronto,\n: Ontario\n: FARM BOY\n: FARM BOY ST CLAIR\n-\n81 St Clair Ave East\nToronto, Ontario\n: FARM BOY\nVisa: $11.97\nTemporary markdown: $1.00\nSAVING GRAND TOTAL: $1.00\n:\nDate: 04-05-2025\n: Apr 05 2025\n: 4/5/2025\nInv#:: 00269529\nH.S.T.#: 84179 7046 RT0001\nNet Sales: $11.97\nTOTAL SALES: $11.97\nSUB TOTAL: $11.97\nAmount: $11.97\n: FARM BOY ST CLAIR\n-\n81 St Clair Ave East\nToronto, Ontario\n: FARM BOY\n: FARM BOY\nTel:: (416) - 963 8949\nYour Store Manager is:: Philip Jones Jr.\nTrs#:: 271322\nMarkdown:: $1.00\nBalance: $0.00\nNew customer balance: $0.00\nItem count: 4\nTrans#: 271322\nTRANSACTION RECORD: Card : ************6104 [2088]\nA0000000031010\nCard Type : VI (Visa)\nVisa CREDIT\nTrans Type : PURCHASE\nCard Entry : RF (M)\n07491N\nAuth # :\n001926421\nSequence # :\n385095817690925\nTrace ID :\n04-05-2025\n:\nDate\n18:42:49\n:\nTime\nCard :: ************6104 [2088]\nCard Type :: VI (Visa)\nTrans Type :: PURCHASE\nCard Entry :: RF (M)\nAuth # :: 07491N\nSequence # :: 001926421\nTrace ID :: 385095817690925\nTime: 18:42:49\n\nITEM: Cantaloupe X large | PRICE: $3.99 | QUANTITY: 0.310 kg | UNIT_PRICE: $6.59/kg | EXPENSE_ROW: Cantaloupe X large $3.99\nMarkdown: $1.00\n0.310 kg @ $6.59/kg\nITEM: TOMATO Vine Ripe | PRICE: $2.04 | QUANTITY: 0.355 kg | UNIT_PRICE: $5.49/kg | EXPENSE_ROW: TOMATO Vine Ripe $2.04\n0.355 kg @ $5.49/kg\nITEM: POTATO Yellow Loos | PRICE: $1.95 | EXPENSE_ROW: POTATO Yellow Loos $1.95\nITEM: ONION Cello 3LB | PRICE: $3.99 | EXPENSE_ROW: ONION Cello 3LB $3.99"
    }
  },
  {
    "data": {
      "text": ": Leaside LEA\n416-484-0090\n1860 Bayview Ave\n: 1860 Bayview Ave\n: 1860 Bayview Ave\n: WHOLE\nFOODS\nR\nMARKET\nAmount: CAD$4.24\nEmployee Discount 20.0%: -$4.11\nManu Value Coupon: $12.99\nTran. #:: 28093\nTAX: 864826995\nBalance to pay: $17.23\nBalance to pay: $17.23\n: Leaside LEA\n416-484-0090\n1860 Bayview Ave\n: WHOLE\nFOODS\nR\nMARKET\n: 416-484-0090\nEmployee Discount: 20.0%\nNo. items: 5\nM/C: $4.24\nType:: Purchase\nAcct:: MasterCard\nCard #:: XXXXXXXXXXXX2340\nReference #:: 0012171130 H\nAuth. #:: 06516Z\n\nITEM: SMOOTHIE OAT IMMUNO 1 | PRICE: $12.99 | EXPENSE_ROW: SMOOTHIE OAT IMMUNO 1 $12.99 N\nITEM: FACIAL TISSUE FLAT BO | PRICE: $1.89 | EXPENSE_ROW: FACIAL TISSUE FLAT BO $1.89 H\nITEM: FACIAL TISSUE FLAT BO | PRICE: $1.89 | EXPENSE_ROW: FACIAL TISSUE FLAT BO $1.89 H\nITEM: FACIAL TISSUE FLAT BO | PRICE: $1.89 | EXPENSE_ROW: FACIAL TISSUE FLAT BO $1.89 H\nITEM: FACIAL TISSUE FLAT BO | PRICE: $1.89 | EXPENSE_ROW: FACIAL TISSUE FLAT BO $1.89 H"
    }
  },
  {
    "data": {
      "text": ": Leaside LEA\n416-484-0090\n1860 Bayview Ave\n: 1860 Bayview Ave\n: Leaside LEA\n: 1860 Bayview Ave\n: WHOLE\nFOODS\nN\nMARKET\nEmployee Discount 20.0%: -$2.71\n: 04/01/2025\nTran. #:: 20969\nTAX: 864826995\nTAX: 0.00\nBalance to\npay: $10.85\nAmount: CAD$10.85\nBalance to\npay: $10.85\n: Leaside LEA\n416-484-0090\n1860 Bayview Ave\n: Leaside LEA\n: WHOLE\nFOODS\nN\nMARKET\n: 416-484-0090\nEmployee Discount: 20.0%\nTAX IND: N\nRATE: 0.0%\nGROSS: 10.85\nNo. items: 4\nType:: Purchase\nAcct:: MasterCard\nCard #:: XXXXXXXXXXXX2340\nReference #:: 0012111710 H\nAuth #:: 05557Z\n\nITEM: BREAD SPROUTED THE BI | PRICE: $4.19 | EXPENSE_ROW: BREAD SPROUTED THE BI\n$4.19 N\nITEM: MILK SKIM | PRICE: $3.39 | EXPENSE_ROW: MILK SKIM\n$3.39 N\nITEM: PARSLEY ITALIAN BUNCH | PRICE: $3.49 | EXPENSE_ROW: PARSLEY ITALIAN BUNCH\n$3.49 N\nITEM: MUSHROOMS WHITE 227G | PRICE: $2.49 | EXPENSE_ROW: MUSHROOMS WHITE 227G\n$2.49 N"
    }
  },
  {
    "data": {
      "text": ": FARM BOY ST CLAIR\n-\n81 St Clair Ave East\nToronto, Ontario\n: ST CLAIR\n: 81 St Clair Ave East\n: Toronto,\n: Ontario\n: FARM BOY\n: FARM BOY ST CLAIR\n-\n81 St Clair Ave East\nToronto, Ontario\n: FARM BOY\nVisa: $11.97\nTemporary markdown: $1.00\nSAVING GRAND TOTAL: $1.00\nDate :: 04-05-2025\n: Apr 05 2025\nInv#:: 00269529\nTrans#: 271322\nH.S.T.: 84179 7046 RT0001\nNet Sales: $11.97\nTOTAL SALES: $11.97\nSUB TOTAL: $11.97\nAmount :: $11.97\n: FARM BOY ST CLAIR\n-\n81 St Clair Ave East\nToronto, Ontario\n: FARM BOY\n: FARM BOY\nTel:: (416) - 963 8949\n-\n: 1-833-788-3401\n: www.farmboy.ca\nYour Store Manager is:: Philip Jones Jr.\nTrs#:: 271322\nMarkdown:: $1.00\nBalance: $0.00\nNew customer balance: $0.00\nItem count: 4\nTRANSACTION RECORD: Card : 6104 [2088]\nA0000000031010\nCard Type : VI (Visa)\nVisa CREDIT\nTrans Type : PURCHASE\nCard Entry : RF (M)\nAuth # : 07491N\nSequence # : 001926421\nTrace ID : 385095817690925\nDate : 04-05-2025\nTime : 18:42:49\nAmount : $11.97\nCard :: 6104 [2088]\nCard Type :: VI (Visa)\nTrans Type :: PURCHASE\nCard Entry :: RF (M)\nAuth # :: 07491N\nSequence # :: 001926421\nTrace ID :: 385095817690925\nTime :: 18:42:49\nGF\n=: GLUTEN FREE Items\n-HST=: 13%\n*HST=: 13%\n\nITEM: Cantaloupe X large | PRICE: $3.99 | QUANTITY: 0.310 kg | UNIT_PRICE: $6.59/kg | EXPENSE_ROW: Cantaloupe X large $3.99\nMarkdown: $1.00\n0.310 kg @ $6.59/kg\nITEM: TOMATO Vine Ripe | PRICE: $2.04 | QUANTITY: 0.355 kg | UNIT_PRICE: $5.49/kg | EXPENSE_ROW: TOMATO Vine Ripe $2.04\n0.355 kg @ $5.49/kg\nITEM: POTATO Yellow Loos | PRICE: $1.95 | EXPENSE_ROW: POTATO Yellow Loos $1.95\nITEM: ONION Cello 3LB | PRICE: $3.99 | EXPENSE_ROW: ONION Cello 3LB $3.99"
    }
  },
  {
    "data": {
      "text": ": FARM BOY ST CLAIR\n-\n81 St Clair Ave East\nToronto, Ontario\n: 81 St Clair Ave East\n: ST CLAIR\n: Toronto,\n: Ontario\n: FARM BOY\n: FARM BOY ST CLAIR\n-\n81 St Clair Ave East\nToronto, Ontario\n: FARM BOY\nVisa: $11.50\nDate\n:: 02-23-2025\n: Feb 23 2025\n: 2/23/2025\nInv#:: 00240758\nH.S.T.: 84179 7046 RT0001\nNet Sales: $10.98\nTOTAL SALES: $11.50\nSUB TOTAL: $11.50\nHST [$3.99]: $0.52\nAmount\n:: $11.50\n: FARM BOY ST CLAIR\n-\n81 St Clair Ave East\nToronto, Ontario\n: FARM BOY\n: FARM BOY\nTel:: (416) - 963 8949\n: 1-833-788-3401\n: www.farmboy.ca\nYour Store Manager is:: Philip Jones Jr.\nTrs# :: 242360\nBalance: $0.00\nNew customer balance: $0.00\nItem count: 2\nTrans#: 242360\nCard\n:: ***********7246 [5490]\nCard Type :: VI (Visa)\nTrans Type :: PURCHASE\nCard Entry\n:: RF(M)\nAuth #\n:: 06210N\nSequence #\n:: 001886399\nTrace ID\n:: 305054849409738\nTime: 18:35:40\nGF\n=: GLUTEN FREE Items\n-HST=: 13%\n*HST=: 13% Prep Food\n\nITEM: CHOCOLATE Hazelnut | PRICE: $3.99 | EXPENSE_ROW: CHOCOLATE Hazelnut $3.99\n-HST\nITEM: FB Chocolate Lovers | PRICE: $6.99 | EXPENSE_ROW: FB Chocolate Lovers $6.99"
    }
  },
  {
    "data": {
      "text": ": Bulk Barn # 636\n91 Laird Drive\nToronto, Ont.\n: 91 Laird Drive\n: Toronto,\n: Ont.\n: Bulk Barn\n: 91 Laird Drive\nToronto, Ont.\n: BulkBarn\nVISA: $19.91\nTotal Tendered:: $19.91\nSavings:: $3.64\nDate:: 04/11/2025\nTransaction:: 63611763222\nHST#: HST# 100689256-RT0001\nSub-Total:: $18.65\nHST: $1.26\nTotal Amount:: $19.91\n: Bulk Barn # 636\n91 Laird Drive\nToronto, Ont.\n: Bulk Barn\n: BulkBarn\n: (416) 422-2900\n: WWW.BULKBARN.CA\nLane:: 002\nCashier:: 106\nTime:: 14: 01\nItems Sold:: 5\n\nITEM: PUMPKIN SEEDS, HULLED | PRICE: $3.08 | QUANTITY: 0.185 kg | UNIT_PRICE: $16.65 /kg | EXPENSE_ROW: PUMPKIN SEEDS, HULLED $3.08 D\n0.185 kg @ $16.65 /kg\nSavings 0.55\nITEM: ALMONDS DRY ROASTED & | PRICE: $4.37 | QUANTITY: 0.205 kg | UNIT_PRICE: $21.30 /kg | EXPENSE_ROW: ALMONDS DRY ROASTED & $4.37 HD\n0.205 kg @ $21.30 /kg\nSavings 0.78\nITEM: ORGANIC TRI COLOUR QU | PRICE: $5.88 | QUANTITY: 0.385 kg | UNIT_PRICE: $15.26 /kg | EXPENSE_ROW: ORGANIC TRI COLOUR QU $5.88 D\n0.385 kg @ $15.26 /kg\nSavings 1.04\nITEM: GUMMI BUNNIES | PRICE: $5.07 | QUANTITY: 0.355 kg | UNIT_PRICE: $14.28 /kg | EXPENSE_ROW: GUMMI BUNNIES $5.07 HD\n0.355 kg @ $14.28 /kg\nSavings 1.27\nITEM: LRG BAG CHRG | PRICE: $0.25 | EXPENSE_ROW: LRG BAG CHRG $0.25 H"
    }
  }
]